3296 5224
791 459 998 560 *a*

355 678 438 756 7—-8
464 675 576 739 callida
600 677 657 738 sed
683 676 810 738 mediae
832 675 967 739 Veneris
992 676 1070 738 mihi
1094 676 1242 738 venditet
1265 683 1368 736 artem

459 787 576 850 semina
601 809 684 868 quae
709 789 821 867 iungat
845 788 933 869 quod
959 788 1032 850 volo
1057 787 1133 850 nolo
1158 795 1277 848 vocant

246 928 288 952 =
313 899 353 959 A.
378 897 410 958 Ρ.
435 898 493 959 XII
519 914 581 960 200
606 898 806 981 Στράτωνος

356 1021 369 1088 5
396 1004 481 1072 ἀλλὰ
504 1007 565 1071 τὸν
587 1007 623 1072 ἐκ
645 1007 778 1072 τούτοιν
802 1005 925 1091 ἀμφοῖν
947 1007 1053 1091 μέσον,
1077 1001 1147 1072 οἷον
1170 1004 1295 1069 ἐκεῖνον

405 1117 466 1183 τὸν
488 1119 542 1182 καὶ
564 1117 608 1201 μὴ
632 1117 783 1202 παρέχειν
807 1116 915 1182 εἰδότα
938 1121 994 1183 καὶ
1016 1117 1175 1202 παρέχειν.

352 1229 431 1292 Aus,
455 1249 482 1294 e.
513 1245 560 1293 12.

246 1359 275 1400 v.
306 1355 387 1399 1-2
412 1337 449 1400 cl.
477 1339 517 1398 A.
544 1337 574 1398 P.
601 1338 633 1401 V
657 1354 693 1400 21
720 1332 890 1419 Ῥουφίνου
909 1373 958 1399 ι-ι

412 1444 480 1512 Οὐκ
503 1444 615 1530 ἔλεγον
639 1448 780 1534 Προδίκη
805 1449 1028 1534 7ηοάσκομεν;
1051 1445 1089 1512 οὐ
1113 1445 1331 1531 προεφώνουν

459 1553 591 1642 ἥξουσιν
613 1558 737 1641 ταχέως
758 1557 789 1622 οἱ
809 1559 1029 1641 διαλνσιφίλοι

248 1669 286 1734 Cl.
313 1669 354 1736 Α.
379 1669 411 1734 P.
437 1670 468 1730 V
494 1672 533 1748 85
561 1704 620 1732 1-·2.

249 1801 275 1842 v.
304 1782 388 1861 7-8
413 1809 455 1834 =
480 1780 520 1842 A.
547 1780 577 1840 P.
604 1780 635 1842 V
660 1796 724 1859 304
748 1777 797 1843 δδ.

404 1881 528 1972 Ὄμφαξ
551 1885 610 1952 οὐκ
632 1886 815 1964 ἐπένευσας·
840 1884 889 1953 ὅτ’
912 1886 949 1975 ἧς
973 1891 1132 1974 σταφυλή,
1157 1888 1373 1971 παρεπέμψω·
1439 1902 1443 1910 ’

462 1999 518 2084 Μὴ
533 1999 700 2082 φθονέσιις
724 2000 836 2064 δοῦναι
859 1996 922 2064 κᾶν
943 2000 1046 2084 βραχὺ
1070 2009 1130 2084 τῆς
1153 1999 1317 2078 σταφίδος.

359 2110 403 2173 Ut
427 2111 457 2171 in
482 2109 572 2171 hisce
595 2131 653 2171 sua
677 2111 843 2184 admiscet,
863 2112 907 2173 ita
932 2113 1030 2173 ineis
1055 2131 1137 2190 quae
1162 2132 1247 2173 nunc
1270 2129 1341 2171 sum
1364 2108 1559 2190 prolaturus

250 2231 316 2283 tam
341 2219 441 2281 multa
461 2241 501 2280 ex
526 2220 625 2298 ipsius
643 2221 774 2299 ingenio
797 2221 942 2302 profecta
964 2222 1112 2283 videntur
1136 2240 1214 2294 esse,
1233 2231 1267 2282 ut
1292 2220 1333 2280 nil
1357 2219 1414 2279 uisi
1432 2236 1554 2278 ansam

250 2350 383 2391 suorum
406 2331 553 2392 videatur
577 2352 594 2392 e
619 2330 746 2394 Graeco
773 2332 959 2413 sumpsisse.

356 2441 435 2502 Aus
460 2460 486 2505 e.
514 2458 574 2519 322

411 2543 456 2625 εἷς
480 2551 575 2625 λίθος

252 2660 352 2722 Auth.
379 2660 444 2722 Pal.
470 2661 515 2722 IX
541 2658 603 2739 759
628 2657 677 2724 δδ.

412 2764 469 2847 Εἷς
492 2773 596 2846 λίθος,
625 2767 709 2856 cl'pp',
732 2769 860 2856 ἒλιιτήο,
886 2768 990 2844 ἵπποι,
1017 2771 1125 2856 ζυγόν,
1149 2767 1233 2855 ἡνία,
1255 2769 1381 2854 μάστιξ.

359 2881 440 2943 Item
479 2883 557 2948 Aus.
598 2902 622 2942 e.
669 2885 855 2963 108-113
896 2883 1008 2958 forma,
1050 2904 1113 2944 non
1153 2884 1286 2945 materia
1323 2881 1436 2942 similia
1474 2888 1552 2940 suut

254 2991 482 3072 epigrammati
459 2993 550 3058 tA
574 2993 605 3053 P.
632 2993 677 3053 XI
700 3008 760 3071 235
789 2992 976 3078 Δημοδόκου
999 2994 1049 3055 vel
1074 2996 1138 3073 236
1162 2991 1356 3076 (eiusdemi)
1641 3026 1642 3083 ι

414 3100 543 3176 Πάντες
566 3101 625 3184 μὲν
649 3104 780 3177 Κίλικες
803 3101 940 3168 κακοὶ’
922 3103 1043 3187 ανδρες,
1066 3102 1101 3168 ἐν
1125 3103 1159 3167 δὲ
1183 3104 1312 3184 Κίλιξιν

467 3205 512 3286 εἷς
536 3209 663 3295 ἀγαθὸς
686 3213 840 3298 Κινύρης,
865 3216 918 3278 καὶ
942 3214 1085 3299 Κινδιςρι
1109 3214 1142 3278 δὲ
1166 3215 1270 3293 Κίλιξ.

362 3322 442 3386 Aus
467 3342 492 3384 e
521 3338 579 3399 103

1640 3142 1641 3186 i

156 3508 159 3516 Ι
256 3432 318 3493 iam
342 3431 518 3512 Scaliger
512 3454 543 3494 ur
568 3434 615 3494 ed.
640 3442 807 3515 comparat
829 3456 902 3496 cum
928 3437 966 3500 A.
985 3435 1094 3497 P.IX
1098 3436 1178 3513 8,73
1204 3430 1265 3506 ἀδ,
1290 3430 1465 3494 similitudo
1484 3449 1549 3489 non
1628 3417 1642 3540 l

257 3561 381 3621 magna.
409 3541 551 3624 (Peiper2
578 3563 675 3624 „mag
699 3543 833 3623 fraglieh
864 3546 1059 3617 erscheinen,
1082 3543 1252 3623 jedenfalls
1279 3543 1358 3622 llegt
1381 3540 1440 3603 Ov.
1467 3539 1545 3600 Met

258 3655 321 3728 384
346 3652 403 3714 mit
427 3673 463 3713 zu
489 3650 643 3714 Grunde.‘
648 3657 669 3736 )
1641 3621 1642 3674 l

363 3762 415 3823 Ex
439 3763 484 3824 eis
514 3764 755 3844 epigrammatis
791 3785 873 3844 quae
909 3776 983 3827 sunt
1019 3767 1059 3827 de
1093 3765 1209 3828 bucula
1245 3761 1482 3842 Myronise.5
1487 3759 1552 3820 6e

257 3872 478 3953 compluribus
502 3876 757 3936 contaminatum
779 3886 828 3936 est
852 3877 890 3957 (v.
914 3897 943 3955 p.
969 3881 1086 3957 29)‚.e
1123 3889 1160 3956 57
1199 3872 1339 3936 revocari
1377 3871 1474 3932 debet
1508 3871 1550 3929 ad

258 3981 354 4044 A.P.
378 3982 423 4044 IX
449 3998 506 4062 721
526 3973 739 4068 Αντιτιάτρου
762 3985 928 4051 Σιδωνίου
1641 3985 1642 4066 l

418 4091 527 4176 Μόσχε
550 4119 582 4159 τι
605 4117 658 4177 μοι
682 4094 850 4178 λαγόνεσοι
873 4096 1069 4182 ποοςιᾛρχεαι
1093 4098 1188 4160 τίπτε
1211 4093 1244 4156 δὲ
1267 4117 1376 4179 μυκᾳ,·

468 4191 508 4267 ‘H
525 4203 621 4288 τέχνη
641 4211 752 4287 pagate
774 4203 834 4270 οὐκ
857 4205 994 4292 ἒνιδηκε
1018 4207 1110 4290 γάλα,

259 4329 285 4372 e.
316 4322 355 4388 59
378 4310 417 4372 ad
443 4310 487 4372 lX
512 4325 573 4391 727
598 4307 646 4376 διδ.

419 4422 484 4484 Καὶ
503 4425 609 4505 χαλκῆ
632 4444 693 4505 περ
717 4419 812 4487 ἐοῦσα
835 4420 1013 4509 λάληοει
999 4421 1041 4488 οἷν
1065 4421 1085 4488 cl
1109 4424 1208 4508 κεροιὴ
1231 4428 1308 4503 βοῦς

260 4528 364 4592 cf.A.
392 4530 423 4592 P.
450 4532 493 4593 lX
518 4542 609 4600 724et
633 4555 680 4605 728
705 4543 875 4614 utrumque
889 4525 1115 4620 Ἀιτιπάτρου,
1641 4588 1642 4649 l
