3296 5224
270 659 369 720 modo
386 659 417 720 in
434 659 533 738 ipsius
551 660 793 740 epigrammatis
810 661 866 722 sed
884 662 980 722 etiam
998 661 1028 721 in
1044 661 1158 722 ceteris
1174 661 1241 719 eius
1257 659 1410 738 operibus
1425 658 1588 736 vestigia

268 787 381 830 eorum
398 769 683 831 animadvertimus
696 769 783 832 haud
797 791 907 852 pauca.
931 771 1039 853 Saepe
1053 771 1136 830 enim
1151 770 1342 830 sententiam
1357 768 1511 829 videmus
1532 789 1585 828 ex

267 880 511 959 epigrammatis
536 879 667 941 Graecis
691 890 863 959 sumptam,
904 901 1001 960 quarn
1037 890 1147 942 noster
1180 891 1235 941 aut
1271 879 1372 959 ipsam
1412 877 1586 956 exprimit

266 996 322 1050 aut
344 989 388 1050 ita
413 990 553 1052 imitatur
587 1000 619 1051 et
653 977 838 1072 amplificat,
885 1000 920 1052 ut
955 1011 993 1052 ea
1027 989 1270 1071 quodammodo
1307 989 1466 1051 excitatus
1507 1009 1583 1049 suo

266 1099 370 1161 Marte
393 1100 533 1180 proferat
557 1121 638 1180 quae
673 1101 700 1161 ei
735 1109 812 1181 apta
845 1101 994 1163 videntur
1026 1101 1068 1162 ad
1104 1101 1305 1182 epigramma
1342 1098 1576 1161 efficiendum.

250 1209 375 1271 .Etiam
394 1212 519 1290 integra
536 1213 774 1290 epigrammata
791 1213 886 1273 vertit
900 1210 985 1272 haud
1002 1232 1104 1292 pauca
1128 1220 1183 1272 aut
1213 1210 1346 1271 verbum
1370 1210 1470 1270 verbo
1498 1211 1579 1270 red-

266 1320 426 1382 densant
459 1321 587 1381 liberius
611 1321 776 1399 exemplar
800 1321 992 1402 exprimens
1042 1320 1107 1382 Sed
1143 1321 1239 1381 etiam
1272 1321 1321 1380 his
1362 1320 1580 1382 versionibus

266 1448 330 1490 non
354 1450 425 1491 raro
448 1451 505 1492 sua
527 1431 625 1503 addit,
651 1439 685 1492 ut
709 1428 870 1492 aGraeco
895 1432 1000 1511 magis
1024 1431 1170 1492 videatur
1194 1429 1359 1512 proiectus
1378 1450 1577 1510 essequam

266 1558 305 1599 eo
339 1539 472 1616 ductus3
506 1559 742 1622 saepenumero
778 1561 914 1602 acumen
952 1541 1050 1619 ipsius
1089 1549 1145 1601 est.
1193 1541 1239 1601 At
1275 1540 1355 1601 haec
1393 1559 1452 1600 suo
1492 1539 1577 1599 loco

266 1649 457 1716 videbimus.

371 1781 508 1844 Lemma
536 1803 571 1844 »e
591 1782 735 1845 Graecos
761 1783 1016 1861 suprascriptum
1042 1782 1179 1861 legimus
1214 1782 1457 1863 epigrammatis
1481 1781 1572 1848 Ans

267 1907 317 1962 20,
345 1906 395 1963 21,
422 1907 472 1970 23,
501 1894 639 1976 82-587.
681 1894 810 1954 Praeter
833 1909 883 1970 23,
911 1893 999 1953 cuius
1024 1891 1095 1954 lons
1112 1891 1297 1954 Plutarchus
1313 1893 1438 1962 videtur
1454 1891 1569 1964 luisse,

266 1999 413 2062 universa
438 2002 478 2063 ad
503 2002 708 2082 anthologias
743 2023 823 2082 quas
859 2021 943 2064 nunc
979 2002 1137 2064 habemus
1173 2001 1314 2092 revocari
1351 2021 1448 2080 posse
1483 2002 1572 2064 infra

265 2111 495 2190 ostendemus3
518 2099 789 2192 epigrammatum
813 2133 890 2174 vero
916 2115 957 2188 84
981 2123 1013 2174 et
1038 2117 1076 2190 85
1104 2113 1269 2191 exemplar
1293 2113 1335 2174 ibi
1354 2132 1419 2173 non
1435 2112 1566 2192 legitur,

264 2239 370 2298 neque
392 2220 465 2282 alibi
491 2219 688 2284 id'invenire
711 2223 856 2302 contigit.
906 2223 955 2284 De
979 2223 1066 2283 hisce
1090 2223 1187 2303 igitur
1212 2243 1261 2284 res
1279 2224 1309 2284 in
1327 2223 1426 2284 dubio
1444 2232 1566 2284 manet.

371 2351 489 2413 Levius
514 2354 611 2415 etiam
637 2363 685 2415 est
708 2355 796 2433 quod
821 2374 847 2414 e.
872 2370 928 2429 4ι.
952 2353 1027 2414 Rufi
1052 2355 1253 2433 grammatici
1278 2373 1396 2414 nomen
1428 2353 1566 2415 fortasse
1629 2357 1630 2388 ³

263 2461 402 2542 petitum
425 2471 473 2524 est
506 2484 547 2524 ex
570 2462 669 2526 Anth.
695 2464 759 2525 Pal.
784 2464 882 2529 Xlz43
911 2464 1109 2528 Λουκιλλίου
1142 2485 1171 2531 ν,
1197 2465 1225 2526 6.
1248 2451 1382 2543 Ῥοῦφος
1415 2459 1433 2526 ὁ
1461 2485 1559 2546 γραμ-

263 2570 414 2652 ματικός,
440 2583 471 2634 et
494 2577 581 2654 quod
604 2575 683 2637 Ans.
709 2575 800 2637 XVII
814 2597 838 2634 α
864 2574 1022 2636 nonnullis
1054 2576 1149 2637 rebus
1181 2573 1330 2653 congruit
1361 2594 1433 2635 eum
1459 2576 1560 2646 Anth,

264 2681 328 2743 Pal.
353 2683 430 2746 XVI
444 2717 479 2752 131
491 2675 721 2767 ilvrrau'rpou:
746 2687 819 2758 „bis
830 2695 957 2764 septem
979 2687 1062 2746 natis
1081 2685 1269 2764 genetrix“:
1295 2679 1338 2756 „ri
1352 2674 1432 2748 dioo’
1445 2680 1562 2749 ἑπτάκι

263 2791 362 2856 τέκνα
385 2803 553 2869 rannone&
578 2797 667 2876 quod
691 2796 721 2856 in
744 2794 817 2858 loco
840 2805 907 2857 tam
930 2797 1093 2858 communi
1118 2795 1171 2855 vix
1207 2795 1336 2856 mireris.
1366 2833 1405 2840 -
1430 2796 1561 2858 Rectius

263 2902 397 2966 fortasse
423 2907 501 2970 Ans.
526 2927 551 2966 e.
577 2923 640 2984 294
680 2945 721 2951 —
744 2907 799 2968 καὶ
823 2903 907 2968 κύνα
924 2904 1080 2990 Διογένην
1104 2913 1273 2966 revocatur
1288 2905 1328 2965 ad
1345 2906 1384 2966 A.
1409 2905 1441 2966 P.
1460 2907 1517 2967 Vll
1531 2929 1556 2976 67

262 3013 410 3077 Λεωνίδα
434 3032 463 3091 4.
492 3054 532 3062 -
557 3015 616 3080 τὸν
640 3008 722 3079 κύνα
746 3015 910 3098 Διογένην,

368 3146 539 3209 Praeterea
557 3147 669 3209 Enoch
687 3157 719 3208 et
735 3138 821 3208 Elias
839 3150 1044 3209 nominantur
1060 3149 1091 3208 in
1108 3148 1234 3209 coelum
1252 3156 1385 3228 propter
1401 3148 1553 3228 pietatem

263 3256 388 3334 abrepti
406 3257 451 3319 IV
463 3290 497 3330 α,
515 3258 569 3338 qui
587 3259 663 3320 item
680 3257 883 3319 inveniuntur
896 3256 936 3322 A.
952 3258 984 3318 P.
998 3259 1074 3320 Vlll
1089 3256 1253 3338 (Gregorii
1266 3257 1469 3336 Nazianzeni)
1485 3276 1546 3336 491

368 3388 481 3460 Ilione
505 3377 602 3470 Ἑνὼχ
632 3388 793 3473 μετέθηκε
829 3391 885 3452 καὶ
919 3385 1045 3465 Ἠλίαν,
1077 3376 1080 3384 ’

368 3498 425 3558 sed
450 3499 586 3559 Ausonii
623 3499 712 3561 locus
746 3499 847 3561 multo
874 3500 1073 3580 locupletior.
1090 3501 1113 3580 1)

368 3626 462 3690 Certa
486 3649 562 3690 vero
585 3630 723 3709 vestigia
746 3630 904 3692 habemus
929 3631 960 3690 in
984 3631 1028 3690 eis
1054 3629 1300 3711 epigrammatis
1324 3649 1409 3710 quae
1431 3641 1551 3693 senten-

261 3738 338 3799 tiam
362 3758 379 3799 e
404 3737 528 3800 Graeco
551 3749 717 3818 sumptam
742 3740 925 3821 exprimunt
948 3740 1034 3801 velut

261 3945 472 3952 ——m

369 4076 387 4144 ¹)
407 4078 495 4127 Paullo
513 4082 601 4129 certius
620 4081 768 4146 Gregorium
788 4085 946 4147 agnoscimus
966 4085 1025 4136 rius.
1047 4085 1074 4132 E.
1096 4083 1155 4130 xlv
1176 4113 1202 4147 30

419 4170 523 4233 ῥυθμῶν
543 4173 705 4237 Herenniani
726 4176 835 4237 ἔννομον
858 4176 962 4240 edentur

259 4263 290 4314 cl.
311 4264 426 4328 Gregorii
446 4264 596 4315 Nazianzeni
617 4283 676 4332 opp.
696 4268 735 4318 ed.
756 4268 811 4319 Par.
831 4268 880 4319 vol.
901 4269 926 4315 11
946 4285 969 4333 p.
993 4269 1049 4331 584.

418 4357 521 4420 Γνῶμαι
539 4358 686 4423 Γρηγορίον
706 4361 819 4426 &insigne
839 4361 938 4425 εὐεπίη.

259 4449 362 4513 Legitur
385 4449 427 4498 hic
451 4465 534 4498 versus
553 4450 578 4498 in
603 4452 657 4500 cod.
685 4453 845 4516 anthologiae
870 4453 1004 4501 Palatinae
1030 4450 1071 4517 (cf.
1101 4454 1127 4505 P.
1149 4455 1262 4514 Wolters,
1290 4453 1321 4500 de
1342 4454 1546 4518 epigrammatum

259 4539 410 4592 Graecorum
430 4542 582 4607 anthologiis
602 4544 704 4592 Bonnae
727 4544 791 4592 1882
812 4563 836 4609 p.
861 4542 912 4612 19).
