3296 5224
348 616 449 700 Soph.
475 614 556 679 Oed.
572 616 621 695 R.
646 618 707 693 981

399 726 518 790 πολλοὶ
541 721 603 808 γὰρ
627 721 689 809 ἤδη
713 722 776 788 κάν
800 724 962 809 <turturum
978 728 1109 808 βροτῶν

399 838 497 922 μητρὶ
518 833 789 920 ξυνευνάσθησαν
797 837 820 918 ¹)

348 946 614 1029 ExEuripide
627 925 722 1026 quae
744 946 907 1019 annotavi,
925 946 1071 1027 quamvls
1084 945 1146 1007 sint
1163 945 1271 1017 dubia,
1290 945 1422 1006 reticere
1440 942 1535 1004 nolo:

349 1058 425 1126 Aue.
452 1057 574 1120 XXVII
598 1075 619 1134 9
634 1091 645 1125 s

400 1168 481 1230 ludit
505 1177 536 1230 et
559 1167 727 1230 Aeaciden
749 1167 898 1230 Parnasia
922 1165 1134 1248 Delphicolae
1159 1185 1235 1227 sors.

349 1278 427 1340 llus.
455 1278 546 1341 XVII
565 1311 590 1335 ιο

402 1388 519 1467 impius
543 1395 618 1450 ante
642 1407 717 1470 aras
738 1406 835 1468 quem
861 1385 972 1448 lraude
997 1387 1133 1466 peremit
1156 1385 1298 1460 Orestes,

243 1497 282 1560 cl.
310 1497 383 1560 Eur.
409 1497 639 1560 Andromache
669 1499 747 1576 1085
774 1515 862 1576 seqq.
969 1491 970 1498 '
1098 1474 1103 1486 ⁸

349 1607 429 1670 Aus,
454 1607 545 1670 XVII
563 1639 587 1666 10
610 1606 758 1690 (Pyrrho)

402 1716 492 1780 Orbe
516 1726 611 1798 tegor
634 1719 753 1791 medi0,

243 1828 281 1891 cl.
308 1828 384 1893 ibid.
416 1843 595 1903 raro—14.
737 1902 739 1906 .

350 1937 427 2000 Ans
455 1937 547 1998 XVII
576 1937 640 2006 163

403 2047 573 2130 Astyanax
597 2045 706 2109 Scaeis
731 2047 874 2110 deiectus
899 2049 940 2110 ab
964 2049 1045 2120 altis

245 2159 282 2222 cl.
312 2160 382 2222 Eur.
408 2157 563 2220 Androm.
593 2174 631 2220 10
1020 2159 1023 2164 '

405 2264 569 2351 prpllr'vru
592 2260 733 2351 πύργων
748 2258 961 2334 Ἀστυάνακτ’
985 2258 1042 2331 ἀπ’
1066 2258 1195 2351 ὀρθίων

246 2379 313 2462 (sed
338 2378 375 2442 cI.
402 2397 485 2458 quae
502 2377 640 2439 Schenkl
666 2398 683 2439 e
707 2377 852 2441 Senecae
876 2377 1015 2440 Troadd.
1042 2378 1083 2440 ad
1107 2378 1191 2439 hunc
1215 2380 1323 2440 Iocum
1343 2379 1469 2461 attulit).

352 2488 453 2550 Vides
477 2505 575 2568 quam
607 2488 723 2550 debilia
754 2489 816 2552 sint
839 2495 954 2550 cuncta
978 2497 1010 2550 et
1033 2489 1178 2550 obscura.
1211 2489 1326 2568 *Paullo
1352 2489 1468 2550 certius
1494 2489 1536 2550 de
1639 2513 1640 2576 4

247 2598 421 2662 comicis
445 2606 583 2660 statuere
602 2597 690 2673 licet;
709 2619 848 2680 namque
865 2599 1092 2660 Menander
1115 2599 1247 2680 quidem
1266 2599 1307 2662 ab
1325 2619 1364 2660 eo
1380 2599 1428 2660 bis
1448 2608 1537 2660 terve
1639 2625 1640 2700 p

247 2710 438 2781 nominatur,
466 2708 497 2768 ni
522 2706 613 2770 Iallor
638 2709 734 2772 etiam
760 2710 957 2788 exprImitur.
1639 2773 1640 2798 ¹

355 2824 428 2882 nus.
452 2816 589 2880 XXVIII
612 2836 673 2896 4¹²
697 2820 774 2900 quid
798 2819 980 2900 Euenum2)
1012 2839 1107 2899 quem
1144 2820 1322 2883 Menander
1355 2821 1535 2901 sapientem

247 2928 396 2992 vocavit?
421 2927 498 3009 quid
524 2927 629 3006 ipsum
653 2929 887 2992 Menandrum?

353 3039 432 3102 Aus.
458 3037 531 3100 XIII
548 3069 571 3107 45

772 3151 876 3232 prima
901 3152 1058 3218 monebo:

407 3260 554 3322 conditor
576 3259 693 3322 Iliados
717 3269 749 3322 et
773 3260 920 3324 amabilis
945 3281 1016 3324 orsa
1041 3262 1207 3325 Menandri

409 3370 587 3433 evolvenda
609 3369 676 3432 tibi.

248 3480 355 3544 Locos
380 3481 486 3544 Inveni
509 3481 622 3545 hosce:

354 3591 431 3655 Aus
457 3591 517 3653 XX
547 3593 605 3670 138
630 3611 719 3672 seqq.

782 3706 896 3766 Γνῶθι
921 3696 1060 3767 σεαυτόν

409 3812 501 3874 labor
525 3812 680 3875 molestus
705 3813 764 3875 iste
789 3813 881 3876 fructi
907 3824 955 3876 est
979 3814 1092 3896 optimi

221 3955 227 3966 Ν
249 3962 456 3972 ---—-—-——

360 4029 376 4098 ¹)
399 4031 437 4082 Cf.
457 4031 520 4082 Plat.
541 4031 613 4082 Polit.
633 4032 669 4080 IX
690 4042 736 4096 571
758 4027 881 4098 (Foerster
901 4033 965 4084 Mus.
986 4033 1057 4082 Rhen
1078 4032 1171 4103 40531).

356 4121 375 4190 ²)
400 4124 558 4173 Lascivorum
584 4125 722 4173 carminum
741 4131 840 4189 poetam
866 4123 914 4174 dici
939 4134 1050 4190 apparet.
1095 4127 1144 4176 Hic
1164 4127 1245 4190 Bergk
1266 4142 1371 4175 errorem
1392 4127 1539 4176 delitescere

248 4221 318 4281 putat
344 4215 370 4266 P.
391 4215 419 4263 li.
440 4216 471 4266 G.
493 4216 516 4263 II
537 4226 601 4278 397:
633 4217 777 4277 „Ausonius
797 4217 928 4266 Menandri
953 4217 1063 4280 laudem,
1090 4233 1153 4282 quae
1173 4217 1312 4282 pertinebat
1337 4217 1368 4264 ad
1395 4217 1538 4266 alterutrum

247 4307 374 4357 Pariorum
391 4308 632 4372 elegiographorum
653 4315 744 4358 temere
764 4310 887 4360 transtulit
905 4310 938 4358 ad
958 4311 1035 4360 alium
1049 4310 1163 4360 Euenum
1182 4310 1332 4358 erotieorum
1352 4313 1479 4358 auctorem
1498 4310 1539 4372 qui

248 4408 304 4465 post
328 4399 461 4449 Menandri
488 4409 595 4450 aetatem
615 4402 697 4453 vixit.“
729 4429 764 4440 -
796 4403 862 4464 Quid
882 4404 902 4452 si
922 4411 1005 4451 noster
1030 4402 1146 4452 Euenum
1172 4403 1217 4450 nisi
1237 4418 1250 4450 e
1273 4402 1412 4452 Men-andro
1438 4403 1539 4450 omnino

248 4508 297 4542 non
319 4494 433 4541 noverat?
