3296 5224
717 444 758 502 27

641 528 851 536 -————..

206 650 376 728 Leguntur
400 647 567 730 epitaphia
591 669 707 730 graeca
731 652 760 711 in
786 651 899 712 codice
924 649 1110 723 Florentino
1134 649 1221 712 nullo
1254 651 1394 712 auctoris

66 760 253 833 nornine3
291 758 351 820 alia
374 760 461 836 apud
486 759 648 832 Tzetzam
675 761 728 840 qni
754 780 952 842 quamquam
969 760 1104 841 Peplum
1128 760 1226 831 novit,
1257 779 1321 820 non
1345 759 1392 822 di-

63 879 184 930 serte
207 869 284 930 dicit
307 869 380 930 inde
405 889 442 929 ea
464 878 595 951 sumpta
618 889 706 946 esse3
743 870 808 930 duo
831 870 862 931 in
888 870 974 932 anth.
1002 870 1156 942 Palatina,
1176 868 1311 930 alterurn
1328 870 1390 930 sub

69 979 231 1040 nomine
256 979 471 1060 AsclepIadae
495 978 735 1061 (Schneidewin
761 977 944 1042 etiam'alia
960 980 1059 1061 Peplo
1077 980 1251 1041 vindicavit
1267 979 1309 1046 A.
1327 980 1392 1046 Pal.

70 1090 336 1170 epigrammata
360 1091 548 1171 anonyma.)
595 1090 687 1152 Unus
709 1089 802 1150 nobis
826 1091 918 1151 testis
951 1090 1149 1162 Eustathius
1169 1089 1222 1168 qui
1244 1089 1305 1151 alia
1328 1091 1391 1172 epi·

74 1211 283 1278 grammata
299 1199 390 1284 Pepli
413 1200 554 1261 servavit
577 1201 712 1279 integra,
738 1198 873 1260 aliorum
899 1199 1088 1278 lragmenta.
1134 1199 1325 1261 Eustathius
1350 1221 1409 1274 ea,

76 1332 99 1371 e
124 1309 316 1388 Porphyrio
339 1309 429 1370 novit
453 1309 492 1372 cf.
507 1311 598 1386 Eust.
616 1311 656 1372 ad
670 1309 703 1377 Il.
719 1311 752 1372 B.
771 1315 841 1390 558.
870 1308 979 1374 ἰστέον
1003 1310 1035 1374 δὲ
1059 1310 1112 1374 καὶ
1137 1299 1189 1373 ὅτι
1204 1303 1393 1394 Πορφύριος

75 1417 141 1492 εἰς
176 1417 304 1483 Αἴαντα
333 1416 516 1502 ἐπίγραμμα
548 1420 690 1484 παλαιὸν
728 1419 884 1504 προφέρει
905 1418 988 1484 τόδε·
1018 1409 1078 1485 ldd'
1101 1417 1164 1503 ἐγὼ
1178 1458 1219 1466 -
1235 1419 1391 1504 κέκριται.

79 1528 223 1614 ἱστορεῖ
237 1529 269 1593 dt
294 1525 311 1593 ὁ
335 1526 434 1604 αὐτὸς
450 1531 638 1614 Πορφύριος
661 1531 717 1594 καὶ
741 1520 1019 1614 ὅτιΆριστοτέλης
1041 1530 1232 1614 σύγγραμμα
1247 1553 1393 1614 πραγμα-

78 1639 293 1722 τευσάμενος
324 1635 403 1722 ὅπερ
433 1638 558 1724 ἐκλήθη
590 1641 724 1716 πέπλος,
756 1641 960 1722 γενεαλογίας
991 1664 1026 1704 τε
1059 1636 1228 1724 ἡγεμόνων
1262 1639 1393 1723 ἐξέθετο

81 1753 155 1815 καὶ
185 1758 268 1814 νεών
290 1745 440 1814 ἕκαστον
472 1748 615 1833 ἀριθμὸν
645 1751 701 1814 καὶ
723 1735 950 1833 ἐπιγράμματα
973 1748 1018 1826 εἰς
1041 1747 1170 1827 αὐτούς,
1194 1747 1215 1814 ll
1238 1752 1291 1814 καὶ
1317 1747 1393 1814 ἀνα-

82 1860 260 1946 γράφεται
284 1855 301 1923 ὁ
324 1860 512 1945 Πορφύριος
540 1859 576 1925 ἐν
598 1874 667 1935 τοῖς
691 1859 735 1936 εἰς
760 1859 820 1924 τὸν
846 1853 994 1945 Ὅμηρον,
1027 1856 1118 1924 οἱπλᾶ
1146 1856 1227 1924 ὄντα
1263 1861 1317 1924 καὶ
1341 1856 1392 1924 οὐ·

84 1971 154 2035 δέν
178 1994 208 2033 τι
239 1969 328 2052 παχὺ
352 1970 405 2034 καὶ
430 1975 629 2054 φλεγμαῖνον
663 1967 788 2053 έχοντα.
826 1971 950 2052 δίστιχα
974 1968 1072 2036 δὲτὰ
1096 1965 1157 2035 ὅλα
1191 1969 1297 2035 ἐκεῖνα
1321 1971 1393 2053 ὀίχα

86 2091 160 2145 τοῦ
190 2077 348 2165 ῥηθέντος
372 2076 416 2155 εἰς
445 2081 505 2146 τὸν
523 2081 660 2148 Αἴαντα.
681 2083 771 2144 Idem
796 2082 836 2142 ad
850 2079 916 2143 Od·
935 2083 964 2145 Λ
981 2103 1019 2150 538
1044 2132 1050 2144 .
1077 2134 1083 2146 .
1109 2131 1115 2144 .
1141 2075 1185 2157 ὡς
1215 2081 1309 2165 δηλοῖ
1338 2082 1393 2145 καί

87 2216 129 2255 τι
166 2198 235 2256 τῶν
268 2189 358 2274 παρὰ
393 2195 443 2275 τῷ
477 2194 657 2277 Πορφνρίφ
680 2190 946 2275 ἐπιγραμματων.
972 2193 1063 2256 Idem
1085 2193 1127 2254 ad
1151 2191 1182 2253 ll.
1211 2193 1241 2254 Α
1257 2223 1293 2259 5.
1320 2241 1326 2253 .
1353 2241 1359 2254 .
1385 2241 1391 2254 .

9 2327 18 2362 ι
90 2297 143 2376 ὡς
168 2301 325 2386 δηλοῦται
349 2302 402 2365 καὶ
427 2298 462 2365 έν
486 2325 553 2366 τινι
577 2312 645 2367 τῶν
668 2301 757 2387 παρὰ
782 2304 965 2388 Πορφυρίς)
989 2299 1254 2386 ἐπιγραμμάτων.
1278 2287 1281 2293 “

207 2412 288 2474 Cum
314 2413 362 2473 his
385 2413 576 2475 testimoniis
593 2415 617 2476 si
634 2423 863 2496 comparantur
880 2434 963 2494 qnae
980 2413 1143 2476 Ausonius
1160 2412 1237 2474 dicit
1252 2413 1343 2475 XVII
1361 2430 1390 2474 1:

94 2543 205 2604 „quae
229 2524 361 2603 antiqua
390 2543 463 2584 cum
497 2533 576 2604 aput
607 2523 809 2604 philologum
839 2525 1004 2602 quendam
1034 2523 1259 2605 repperissem,
1290 2523 1392 2585 latino

92 2654 249 2695 sermone
274 2635 438 2695 convertiu
464 2633 610 2695 concludi
632 2654 730 2714 posse
763 2634 909 2694 videatur
930 2634 1144 2714 Porphyrium
1169 2632 1266 2695 luisse
1290 2633 1391 2714 philo·

91 2746 211 2824 logum
234 2743 329 2803 illurn.
377 2742 442 2804 Sed
478 2743 540 2804 hoc
575 2744 705 2806 minime
741 2753 863 2806 certum
898 2753 954 2817 est,
992 2763 1132 2823 namque
1162 2752 1197 2804 ut
1227 2744 1392 2804 Ausonius

91 2853 268 2934 Porphyrii
305 2853 451 2915 consulto
485 2854 682 2916 mentionem
720 2875 784 2916 non
821 2853 940 2927 lecerit,
976 2854 1150 2934 Stagiritae
1188 2873 1306 2914 nomen
1338 2853 1392 2914 vix

94 2972 178 3043 puto
197 2962 337 3024 loturum
354 2961 452 3026 luisse
485 2972 519 3026 ut
535 2965 706 3026 omitteret.
725 2965 825 3047 Atqui
844 2966 931 3046 apud
945 2963 1164 3046 Porphyrium
1181 2963 1391 3024 Aristotelem

93 3091 262 3135 auctorem
286 3073 489 3134 nominatum
510 3073 609 3136 luisse
633 3075 820 3136 Eustathius
842 3077 933 3138 testis
957 3084 1023 3148 est;
1061 3074 1101 3135 de
1132 3072 1249 3136 eodem
1283 3082 1392 3134 noster

95 3204 136 3246 ne
161 3183 296 3245 verbum
321 3183 452 3264 quidem
476 3184 561 3246 dicit.
610 3186 761 3246 Fortasse
794 3185 891 3246 etiam
927 3183 1127 3266 epitaphium
1152 3184 1262 3244 Aiacis
1292 3183 1391 3264 (pepi.

97 3297 126 3376 7)
151 3314 224 3354 curn
249 3294 463 3374 Asclepiadae
488 3296 618 3357 nomine
641 3296 672 3356 in
694 3294 882 3375 anthologia
908 3294 1031 3356 Graeca
1054 3294 1131 3375 legit
1144 3295 1197 3376 (A.
1212 3294 1244 3358 P.
1262 3294 1389 3376 Vllus).

203 3405 313 3486 ltaque
337 3406 516 3467 cavendum
542 3426 581 3468 ne
599 3405 735 3466 Ausonii
760 3406 860 3467 verba
884 3425 1079 3485 premamus
1104 3404 1294 3483 praesertim
1317 3423 1391 3465 cum

96 3513 286 3596 quantulum
308 3513 414 3575 valeat
437 3514 512 3577 illud
538 3513 655 3575 »latino
679 3533 827 3577 sermone
850 3514 1011 3575 converti«
1039 3515 1070 3575 in
1093 3523 1206 3593 aperto
1230 3514 1276 3574 sit.
1319 3513 1391 3574 Hoc

95 3632 220 3686 tantum
243 3633 366 3686 certum
390 3625 525 3698 videtur,
552 3625 711 3687 invenisse
735 3643 809 3684 eum
832 3623 950 3686 alicubi
974 3661 1015 3670 -
1040 3624 1126 3686 haud
1150 3623 1279 3686 credam
1304 3623 1390 3702 apud

97 3733 313 3816 Porphyrium
352 3773 393 3780 -
431 3736 655 3798 collectionem
703 3734 975 3817 epigrammatum
1009 3734 1154 3815 syllogae
1187 3734 1391 3796 Florentinae

97 3845 293 3907 subsimilem
317 3845 543 3926 liberrimeque
568 3847 773 3925 expressisse,
800 3847 840 3908 de
858 3845 1033 3908 Aristotele
1059 3867 1135 3908 vero
1161 3854 1291 3906 auctore
1315 3845 1390 3908 nihil

48 4007 51 4018 .
97 3957 245 4019 habuisse
268 3966 480 4038 compertum.

201 4226 355 4289 Omnium
380 4229 521 4291 maxime
539 4228 778 4310 epigrammata
796 4225 920 4290 Graeca
939 4228 1121 4290 Ausonium
1138 4228 1179 4290 ad
1198 4228 1390 4291 imitandum

98 4345 129 4398 et
145 4337 391 4418 exprimendum
418 4338 563 4402 allexisse
596 4340 721 4401 dudum
740 4339 820 4400 inter
838 4339 925 4400 viros
943 4341 1058 4400 doctos
1075 4347 1204 4400 constat
1220 4339 1261 4420 ¹)3
1286 4357 1390 4419 neque

205 4531 221 4602 Ι)
243 4533 301 4602 Egit
320 4535 351 4588 de
371 4535 461 4587 haere
482 4537 623 4604 nuperrime
636 4536 723 4604 Peiper
737 4537 763 4584 in
783 4536 938 4588 Fleckeiseni
958 4536 1042 4588 annal.
1062 4535 1145 4605 suppl.
1166 4534 1202 4584 Xl
1215 4552 1240 4602 p.
1256 4547 1307 4597 229
1321 4551 1388 4608 seqq.
