3296 5224
643 475 854 568 A-

208 686 319 762 ltaque
342 685 372 743 in
397 683 485 744 hisce
509 684 585 763 ipsis
618 685 765 744 videmus
791 669 972 742 Ausonium
1002 681 1044 740 ab
1075 678 1315 760 exemplaribus
1343 679 1393 739 hic

73 795 161 854 illic
186 795 405 876 recedentem
429 795 459 853 in
483 795 606 866 ceteris
634 781 716 872 quae
741 792 870 853 liberius
892 791 1061 870 expressit,
1088 791 1164 850 satis
1189 789 1288 850 multa
1312 791 1394 850 vide-

75 924 171 964 mus
196 914 319 965 mutata
342 915 373 965 et
397 905 523 977 addita;
549 914 646 982 atque
668 904 694 963 si
719 921 828 962 eruere
853 920 1007 961 conamur
1031 901 1109 980 quid
1134 901 1190 960 illis
1212 900 1395 960 mutationi-

77 1015 160 1073 bus
183 1024 311 1074 secutus
335 1014 377 1073 sit
398 1034 495 1074 causa
518 1014 709 1094 plerumque
733 1011 820 1073 haud
842 1008 972 1071 difficile
994 1011 1161 1072 invenitur.

205 1123 353 1202 Namque
377 1125 516 1204 primum
540 1125 669 1201 quidem
695 1123 725 1183 id
750 1122 897 1182 videmus
923 1129 1068 1180 nostrum
1093 1139 1198 1198 agere,
1233 1131 1266 1180 ut
1295 1140 1395 1200 quam

81 1235 241 1293 maxime
265 1235 328 1294 sint
351 1235 522 1314 perspicua
546 1234 655 1295 omnia
687 1242 718 1294 et
747 1233 789 1292 ad
822 1229 1075 1308 intellegendum
1109 1249 1205 1308 quam
1240 1229 1394 1290 facillima

81 1345 175 1422 Quo
199 1344 311 1404 melius
328 1345 360 1404 id
378 1343 542 1414 efficiatur,
568 1363 632 1404 non
657 1341 830 1402 committit
855 1350 890 1400 ut
914 1341 1066 1401 lemmate
1082 1360 1164 1420 opus
1181 1341 1220 1400 sit
1236 1340 1277 1400 ad
1295 1341 1393 1420 epigr.

83 1453 366 1534 intellegendnm3
391 1454 465 1514 ideo
489 1454 514 1514 si
539 1472 671 1514 necesse
693 1452 821 1512 videtur
846 1449 1007 1511 Graecum
1031 1451 1148 1510 lemma
1172 1450 1254 1510 intra
1290 1451 1395 1530 ipsum

84 1563 342 1644 epigrammatis
366 1565 460 1624 limen
486 1565 606 1641 recipit.
642 1563 675 1623 E.
703 1581 747 1640 gr.
789 1562 820 1622 in
868 1561 1105 1642 epigrammate
1137 1559 1174 1620 Α.
1208 1561 1238 1620 P.
1275 1560 1418 1628 XVI192·

86 1674 224 1734 Niobae
249 1694 367 1734 nomen
392 1675 449 1734 nisi
476 1675 506 1733 in
531 1674 683 1734 lemmate
708 1692 772 1732 non
797 1672 921 1752 legitur,
953 1671 1032 1732 Ans
1057 1692 1084 1735 e.
1125 1685 1202 1746 512:
1228 1670 1395 1742 „Praxiteli

88 1784 248 1844 manibus
273 1784 346 1844 vivo
371 1785 485 1844 iterum
507 1783 644 1844 Niobe“.

208 1937 287 1995 ltem
312 1955 329 1996 e
353 1937 504 1998 lemmate
539 1933 665 1997 Graeco
701 1935 741 1996 Α.
778 1937 807 1996 P.
841 1935 966 2005 XVI174
1002 1933 1058 2008 Εἰς
1093 1933 1154 2016 τὴν
1186 1931 1221 1996 ἐν
1254 1932 1395 2015 Σπάρτῃ

92 2035 449 2130 ἕνοπλονᾎφροδίτην
474 2047 764 2118 „Lacedaemone‘
790 2047 818 2104 in
845 2046 925 2107 Ans
953 2066 979 2106 e.
1009 2060 1045 2122 52
1073 2046 1238 2104 inductum
1270 2053 1327 2104 est.
1357 2081 1393 2088 -—

95 2157 382 2234 Epigrammatum
409 2172 447 2234 37
473 2168 504 2217 et
538 2159 578 2232 38
603 2155 769 2234 exemplar
795 2157 833 2219 Α,
860 2155 891 2216 P.
918 2155 1008 2222 >nur
1032 2175 1150 2215 nomen
1187 2143 1334 2228 Ὀπιανός
1365 2155 1395 2215 in

94 2267 250 2327 lemmate
285 2275 410 2326 tantum
444 2267 550 2330 habet.
584 2304 624 2310 —
655 2265 752 2326 Adde
789 2268 875 2346 quod
907 2264 1081 2347 epitaphiis
1119 2265 1237 2345 (XVII)
1278 2284 1394 2325 nomen

5 2363 9 2412 .'
93 2375 206 2436 herois
231 2375 337 2456 ipsum
359 2394 489 2453 semper
511 2376 663 2437 insertum
687 2376 813 2454 legitur.
1029 2385 1034 2392 '

206 2506 328 2567 Eadem
352 2527 457 2578 causa,
476 2527 518 2567 sc.
539 2518 573 2567 ut
597 2506 717 2567 facilius
736 2508 968 2588 intellegantur,
988 2506 1120 2568 Graecis
1153 2527 1395 2587 nonnumquam

96 2617 189 2677 addit
213 2617 303 2697 quasi
327 2617 489 2696 quandam
514 2617 772 2695 expositionem:
808 2616 895 2678 velut
917 2638 942 2678 e.
977 2627 1021 2695 ¹3·
1056 2619 1142 2696 prius
1172 2617 1332 2677 distichon
1365 2618 1395 2676 in

96 2726 274 2804 exemplari
301 2747 365 2786 non
389 2725 515 2805 legitur,
543 2728 575 2786 in
605 2749 630 2788 e⁴
666 2729 716 2803 46.
748 2728 826 2789 item
858 2728 1006 2789 consulto
1036 2749 1055 2789 a
1087 2725 1214 2788 Graeco
1249 2727 1393 2788 recedit:

96 2836 187 2896 cuius
211 2835 376 2916 exemplar
406 2856 477 2896 cum
510 2857 568 2917 per
602 2858 635 2898 se
665 2837 818 2920 insulsum
852 2838 1008 2911 videatur,
1035 2837 1199 2899 Ausonius
1232 2836 1394 2897 rhetorem

97 2941 230 3007 inducit
244 2964 342 3024 quem
365 2946 501 3026 ineptias
526 2946 594 3007 illas
617 2957 693 3027 apta
718 2948 888 3009 occasione
914 2952 1134 3026 proterentem
1158 2945 1263 3008 faciat.

205 3075 349 3138 Omnino
373 3097 488 3138 cavere
511 3079 594 3139 solet
619 3099 658 3138 ne
682 3079 776 3139 nimis
800 3079 986 3140 incredibile
1009 3079 1154 3138 videatur
1171 3078 1394 3157 epigramma3

98 3188 210 3267 procul
234 3186 341 3256 habet,
367 3207 451 3266 quae
475 3188 607 3247 omnino
632 3187 698 3248 fieri
720 3209 785 3248 non
802 3191 936 3269 possint.
985 3189 1098 3268 ltaque
1116 3210 1141 3248 e.
1174 3187 1213 3266 56
1230 3196 1396 3265 pastorem

99 3317 163 3357 non
196 3296 270 3358 lacit
298 3297 448 3358 buculam
475 3297 620 3377 Myronis
650 3298 855 3376 abigentem,
896 3301 952 3359 sed
986 3319 1048 3359 una
1080 3316 1154 3358 cum
1188 3298 1396 3377 pascentibus

7 3453 12 3464 .
99 3408 213 3468 ceteris
236 3419 469 3478 numerantem,
494 3408 569 3468 item
594 3427 618 3468 e.
645 3409 684 3467 62
722 3409 806 3480 „iam
831 3410 890 3469 sub
915 3419 1072 3490 vespere‘
1104 3417 1268 3486 pastorem
1303 3427 1395 3467 suam

100 3527 132 3578 et
155 3518 297 3597 Myronis
321 3517 471 3578 buculam
494 3517 746 3579 confundentem
771 3517 852 3579 lacit.
903 3519 1015 3599 Neque
1041 3519 1102 3579 alia
1126 3527 1174 3578 est
1199 3537 1305 3589 causa,
1339 3537 1395 3577 cur

100 3628 173 3688 ine.
193 3629 233 3690 68
253 3637 319 3688 tam
336 3627 436 3688 multa
460 3638 584 3690 mutata
609 3630 681 3706 sint,
706 3630 767 3690 vid.
796 3649 827 3708 p.
855 3647 870 3707 3
879 3643 905 3708 5.
931 3629 1020 3690 ldem
1044 3629 1191 3688 videmus
1216 3628 1246 3689 in
1271 3629 1347 3688 hus.
1369 3648 1393 3688 e.

100 3736 151 3814 69,
177 3739 296 3801 etenim
319 3738 428 3799 omnia
452 3758 535 3817 quae
560 3739 589 3798 in
615 3739 709 3799 huius
733 3738 910 3818 exemplari
934 3740 1037 3800 minus
1069 3738 1231 3799 credibilia
1262 3747 1344 3808 sunt,
1376 3759 1395 3798 a

102 3858 210 3908 nostro
235 3848 441 3927 mitigantur3
473 3849 518 3908 sic
542 3848 723 3928 astrologus
747 3849 797 3909 ille
832 3869 897 3910 non
922 3851 991 3930 ipse
1024 3850 1088 3908 vim
1122 3849 1237 3909 medici
1269 3849 1389 3926 patitur

101 3957 158 4018 sed
181 3958 309 4020 Marcus
333 3960 396 4020 iam
421 3969 604 4038 aegrotam,
629 3959 678 4018 cui
704 3979 743 4020 ne
777 3961 845 4039 ipse
876 3960 1008 4038 quidem
1037 3959 1200 4039 haruspex
1232 3957 1302 4036 plus
1336 3979 1395 4019 sex

103 4068 168 4128 dies
193 4065 281 4146 (Gr.:
306 4067 400 4131 ἐννέα
422 4071 540 4152 μῆνας)
563 4088 731 4150 superesse
755 4069 886 4130 dixerat.
914 4109 954 4116 —
979 4070 1052 4130 Non
1077 4068 1168 4130 aliter
1185 4089 1210 4128 e.
1228 4071 1271 4144 48
1288 4069 1380 4129 Auso

103 4178 170 4238 nius
203 4197 267 4238 non
297 4179 402 4258 ipsum
433 4178 594 4240 rhetorem
626 4199 699 4239 curn
731 4188 835 4240 statua
865 4178 1018 4240 conlundi
1048 4179 1132 4250 lacit,
1167 4179 1224 4239 sed
1255 4187 1393 4240 statuam

103 4287 203 4350 facete
228 4308 268 4348 eo
291 4287 381 4368 fingit
405 4289 548 4368 agnosci,
576 4289 664 4368 quod
689 4298 723 4349 ut
749 4288 799 4349 ille
823 4290 864 4350 sit
887 4309 993 4350 saxea.

207 4420 306 4481 Aliud
330 4439 433 4498 genus
458 4430 506 4482 est
532 4441 653 4488 eorum.
684 4441 767 4500 quae
791 4420 955 4482 Ausonius
980 4421 1077 4492 addit,
1110 4440 1184 4481 cum
1209 4421 1241 4480 in
1266 4419 1392 4480 Graeco

104 4531 147 4592 eis
171 4531 224 4612 qui
249 4530 358 4611 legant
382 4530 422 4592 ad
447 4531 688 4612 imaginandum
714 4530 822 4596 relicta
845 4531 917 4594 sint.
943 4531 980 4595 E.
1007 4549 1051 4612 gr.
1072 4551 1098 4595 e.
1121 4542 1157 4610 55
1175 4529 1266 4590 addit
1286 4537 1394 4592 noster
