3296 5224
264 657 316 728 Ex
338 666 436 747 ipsius
460 685 531 727 sera
554 663 755 726 confessione
779 663 971 726 concludere
995 682 1178 746 possumus,
1205 671 1325 742 quanto
1349 655 1454 740 magis
1480 675 1566 722 eum

262 776 427 839 allexerint
458 775 659 856 grammatici
695 776 904 856 rhetoresque
938 774 1042 836 Latini
1077 793 1173 855 quam
1196 771 1329 850 Graeci3
1376 773 1566 833 docuerunt

264 887 432 958 Romulus
459 883 651 956 Corinthius
686 885 892 946 Menestheus
916 884 1118 964 grammatici
1143 859 1266 954 Graeci,
1303 902 1408 964 neque
1432 882 1567 943 illorum

266 995 360 1074 culpa
384 973 503 1057 factum
528 994 688 1075 estquod
713 995 789 1057 dicit
813 995 890 1057 XVI
914 1013 934 1072 9
947 1027 1023 1053 11111
1077 997 1087 1015 ''

480 1104 590 1183 primis
615 1103 753 1165 docuere
778 1105 808 1165 in
831 1105 920 1165 annis

430 1235 469 1276 ne
486 1214 586 1276 forem
611 1233 727 1275 vocum
753 1215 839 1275 rudis
863 1224 919 1276 ant
943 1213 1094 1295 loquendi

532 1333 580 1384 set
602 1324 671 1384 sine
695 1323 791 1395 cultu,
1625 1407 1626 1414 ἵ

267 1455 463 1517 quamquam
489 1455 529 1495 ne
545 1435 606 1495 hoc
631 1432 759 1512 quidem
785 1454 844 1515 pro
868 1443 956 1495 certo
981 1453 1102 1512 ponere
1127 1433 1208 1506 licet,
1236 1433 1322 1511 quod
1349 1433 1452 1494 minus
1475 1435 1566 1495 serio
1625 1419 1626 1498 i

269 1546 359 1608 addit
384 1545 414 1627 (l.
442 1545 461 1611 l.
487 1546 577 1624 rs·14)
1432 1556 1436 1564 '

427 1655 553 1717 obstitit
577 1662 705 1716 nostrae
730 1655 803 1734 quia
827 1654 957 1715 credo
982 1654 1098 1715 mentis
1625 1721 1626 1739 χ

426 1766 547 1827 tardior
569 1785 689 1829 sensus

268 1877 354 1940 Vera
379 1895 475 1937 causa
498 1874 577 1938 latet
602 1875 632 1936 in
656 1875 799 1936 versibus
825 1895 929 1956 seqq.:

642 2003 746 2063 neque
770 1983 945 2063 disciplinis

429 2094 564 2176 appulit.
579 2091 709 2156 Graecis
733 2094 862 2174 puerilis
887 2095 957 2155 aevi

588 2206 703 2266 noxius
728 2226 822 2276 error,

271 2335 411 2378 errorem
434 2315 582 2378 videlicet
606 2315 745 2397 appellat
769 2315 853 2376 Latii
879 2315 955 2377 illud
985 2315 1143 2378 sermonis
1166 2315 1327 2396 peculiare
1351 2317 1493 2378 studium
1518 2317 1560 2377 ab
1625 2377 1626 2400 q

270 2425 428 2489 avunculo
453 2426 603 2499 excitum,
636 2446 702 2507 quo
726 2424 850 2488 Graeca
874 2426 996 2488 Latinis
1027 2426 1124 2506 longe
1153 2426 1352 2508 posthabere
1376 2437 1559 2488 consuerat.

378 2536 537 2597 Primitiae
563 2537 770 2598 institutionis
794 2535 937 2598 Graecae
962 2556 1044 2615 quae
1068 2545 1137 2598 tum
1162 2535 1286 2608 fuerint,
1314 2537 1383 2615 ipse
1407 2537 1505 2598 tradit
1529 2537 1559 2596 in
1625 2533 1626 2536 ’

272 2646 353 2708 libro
379 2647 578 2727 protreptico
603 2646 644 2707 ad
669 2655 824 2727 nepotem
849 2646 926 2707 dato
953 2646 1062 2714 X11145
1086 2666 1175 2728 seqq.

962 2757 1064 2838 prima
1089 2757 1231 2818 monebo

432 2867 581 2929 conditor
603 2866 719 2928 Iliados
745 2877 776 2928 et
797 2867 943 2930 amabilis
968 2887 1039 2928 orsa
1062 2864 1229 2930 Menandri

433 2976 612 3041 evolvenda
635 2977 703 3048 tibi,

274 3106 333 3148 nec
357 3106 422 3149 non
445 3087 596 3149 certiores
620 3087 714 3148 fimus
738 3087 779 3148 de
803 3087 945 3148 eiusdem
972 3088 1128 3148 methodo
1153 3091 1194 3169 (v.
1219 3103 1260 3166 47
1286 3089 1397 3168 seqq).

381 3196 505 3258 Noxius
533 3206 641 3259 autem
674 3197 724 3259 ilie
754 3217 849 3271 error,
875 3218 973 3279 quem
1005 3198 1073 3279 ipse
1103 3196 1231 3276 puerilis
1263 3197 1330 3258 aevi
1363 3196 1561 3272 dicit‚adeo

275 3306 411 3385 vestigia
435 3307 560 3387 reliquit
584 3306 677 3380 nulia,
704 3318 738 3369 ut
762 3308 866 3369 obiter
890 3309 1079 3370 Ausoniana
1102 3307 1283 3389 inspicienti
1307 3305 1561 3387 frequentissime

277 3414 401 3477 Graeca
424 3424 498 3478 aute
531 3417 641 3478 oculos
665 3427 847 3492 versentur;
880 3439 938 3480 nec
963 3419 1079 3479 desunt
1102 3417 1220 3497 quibus
1244 3417 1420 3478 iudicemus
1444 3424 1562 3496 quanta

277 3525 308 3585 in
333 3533 443 3586 nostro
473 3524 566 3586 fuerit
588 3525 718 3605 linguae
742 3524 886 3590 Graecae
910 3529 1030 3609 peritia.
1081 3527 1159 3588 Illud
1183 3527 1288 3608 ipsum
1312 3527 1401 3607 qnod
1426 3509 1561 3588 errorem

279 3635 355 3697 dicit
378 3635 521 3708 noxium,
552 3645 708 3716 quantum
733 3647 846 3718 postea
871 3638 945 3698 inde
970 3637 1115 3699 dolorem
1140 3637 1312 3719 sumpserit
1335 3637 1491 3719 ostendit3
1515 3636 1564 3697 hic

278 3745 338 3806 illic
377 3765 502 3809 summa
541 3767 613 3808 cnm
653 3749 829 3809 reverentia
872 3749 911 3809 de
951 3747 1147 3809 Graecorum
1186 3747 1299 3809 litteris
1337 3746 1478 3828 quuitur
1514 3746 1563 3829 (cs.

279 3855 355 3917 XVI
381 3863 443 3930 39,
483 3857 655 3932 XIXaq-ar,
695 3857 772 3919 XVI
801 3861 897 3936 144).
968 3859 1055 3938 Quid
1095 3859 1213 3920 mirum
1256 3858 1281 3920 si
1321 3877 1386 3919 non
1425 3857 1565 3936 sequitur

281 3965 532 4038 „scientissimos
549 3977 692 4030 veterum
716 3979 749 4032 et
773 3969 896 4033 Graeca
923 3969 1081 4032 vocabula
1104 3969 1324 4031 fastidientes‘
1343 3967 1382 4051 (E
1399 3967 1473 4030 XXI
1494 3984 1503 4028 1
1523 3969 1563 4050 s),
1625 3955 1626 4030 Ῑ

281 4077 380 4137 immo
414 4097 491 4138 vero
531 4098 729 4160 magnopere
763 4081 823 4142 sibi
867 4081 993 4143 videtur
1027 4080 1153 4159 placere
1190 4078 1425 4160 graecissando.
1486 4079 1564 4140 Nam
1625 4109 1626 4172 i

281 4186 469 4267 saepissime
499 4190 738 4252 terminationes
772 4190 912 4253 Graecas
951 4191 1065 4252 retinet
1080 4194 1114 4271 1),
1152 4186 1278 4252 Graeca
1308 4188 1466 4251 vocabula
1495 4199 1564 4250 ante
1625 4194 1626 4220 ¹

395 4443 411 4509 ¹)
449 4445 479 4495 V.
506 4446 556 4497 ind.
580 4448 695 4496 editionis
724 4449 923 4498 Schenkelianae
950 4458 973 4498 et
1008 4449 1119 4514 thpeI,
1158 4448 1369 4496 Grammatischcs
1401 4463 1445 4496 ans
1476 4447 1563 4508 Auson,

284 4535 367 4600 Progr.
388 4537 552 4589 Asclraiseub.
576 4540 641 4600 1878
662 4558 685 4603 p.
707 4554 801 4592 2—21.
