3296 5224
193 1674 266 1778 De
290 1708 486 1772 Ausonianis
508 1708 623 1771 studiis
646 1703 819 1791 poetarum
844 1708 1044 1773 Graecorum
1075 1711 1235 1796 scripturo
1270 1731 1376 1794 pauca

78 1818 158 1880 mihi
180 1817 421 1900 praemonenda
457 1815 614 1890 videntur,
651 1818 768 1896 quibus
805 1837 977 1900 exponam,
1015 1819 1117 1900 qualis
1150 1821 1182 1881 in
1213 1841 1253 1884 eo
1279 1821 1374 1885 fuerit

78 1929 209 2008 linguae
232 1928 376 1991 Graecae
400 1927 523 1991 notitia,
572 1926 684 2008 Atque
716 1928 778 1992 hoc
802 1927 933 2010 quidem
963 1949 1028 1991 non
1059 1930 1158 1992 modo
1190 1931 1375 2012 evestigiis

79 2037 212 2100 Graecis
235 2039 377 2100 sermoni
402 2038 469 2098 eius
493 2037 656 2118 impressis
680 2039 861 2120 apparebit,
886 2037 944 2100 sed
969 2039 1065 2101 etiam
1089 2041 1188 2102 exeis
1204 2062 1288 2123 quae
1304 2042 1373 2122 ipse

79 2149 250 2211 nobiscum
274 2148 493 2210 communicat
517 2147 558 2209 de
593 2148 774 2212 eruditione
809 2157 907 2228 atque
942 2148 1056 2210 studiis
1089 2149 1163 2223 suis,
1198 2170 1279 2230 quae
1311 2171 1376 2214 uno

79 2259 197 2321 obtutu
223 2259 435 2338 contemplari
461 2279 503 2319 ex
526 2277 585 2320 usu
610 2255 679 2320 sore
703 2279 807 2340 spero.

188 2370 243 2432 Eis
267 2371 363 2452 igitur
386 2370 475 2430 nasci
499 2368 645 2430 videmus
670 2378 815 2431 nostrum
839 2369 1000 2448 auspiciis,
1019 2370 1137 2450 quibus
1160 2371 1214 2432 vix
1231 2372 1374 2435 invenias

78 2479 194 2542 studiis
220 2479 352 2543 Graecis
375 2479 538 2542 faustiora:
575 2488 701 2560 patrem
725 2479 847 2541 scilicet
863 2480 978 2541 lulium
995 2477 1118 2542 Graece
1135 2480 1220 2562 loqui
1238 2481 1370 2544 solitum

78 2610 149 2651 esse
172 2591 249 2653 dicit
271 2591 315 2653 XI
340 2607 439 2660 29-10

237 2721 387 2764 sermone
411 2703 630 2783 impromptus
654 2699 759 2772 Latio,
785 2718 896 2760 verum
921 2699 1032 2762 Attica
1055 2701 1163 2780 lingua

452 2811 577 2875 suffecit
600 2811 676 2874 culti
700 2810 835 2873 vocibus
858 2809 986 2891 eloquii.

184 2921 249 2984 Sed
285 2923 456 3003 quominus
491 2920 540 2984 his
577 2922 726 3003 auspiciis
762 2920 972 3002 responderet
1011 2927 1154 2992 eventus,
1195 2919 1366 3000 impedivit

81 3032 215 3109 quoda
247 3033 351 3114 prima
376 3030 507 3094 infantia
530 3032 666 3094 traditus
698 3041 746 3093 est
771 3031 911 3092 Arborio
935 3029 1105 3095 avunculo
1154 3030 1224 3102 Hic,
1254 3029 1372 3104 „frater

77 3142 269 3221 genetricis“
294 3142 369 3225 (XV
395 3156 409 3222 5
429 3145 460 3223 7)
485 3151 554 3205 erat
578 3141 687 3204 rhetor
709 3141 842 3203 Latinus
867 3141 942 3222 (ΧΨ
969 3142 1094 3225 513-14).

237 3252 382 3334 (Tolosa)
406 3254 526 3314 ornasti
549 3253 638 3314 cuius
663 3252 758 3314 Latio
782 3271 930 3313 sermone
952 3251 1102 3315 tribunal.

185 3359 293 3422 Senex
316 3383 389 3424 eum
407 3363 572 3425 Ausonius
597 3364 741 3424 versibus
766 3361 907 3424 celebrat
928 3362 1106 3424 reverentia
1128 3369 1225 3442 atque
1249 3361 1371 3439 pietate

79 3471 329 3534 redundantibus
355 3471 429 3555 (ΧΨ
456 3475 495 3556 5).
554 3471 688 3553 Quanto
712 3472 898 3554 putabimus
932 3491 1067 3552 puerum
1091 3491 1201 3533 amore
1234 3472 1263 3533 in
1298 3491 1371 3533 eum

78 3580 174 3643 luisse
199 3601 380 3656 accensum,

237 3692 290 3772 qui
315 3713 349 3754 se
374 3693 549 3755 lactantem
572 3712 710 3774 puerum
735 3693 950 3772 iuvenemque
974 3691 1141 3772 virumque

235 3801 358 3864 artibus
383 3813 520 3876 ornaret,
547 3822 627 3883 quas
652 3802 802 3864 didicisse
825 3803 913 3864 iuvat

79 3910 110 3993 (1.
136 3910 153 3971 l.
181 3913 274 3995 9-10).

182 4021 250 4084 Nec
275 4021 373 4084 modo
390 4021 501 4086 litteris
525 4021 575 4086 ille
599 4023 838 4084 adulescentem
862 4021 989 4083 videtur
1011 4021 1173 4094 imbuisse,
1194 4020 1251 4081 sed
1275 4020 1372 4081 etiam

77 4131 187 4214 primis
233 4133 300 4194 eius
342 4135 494 4212 poetandi
543 4133 767 4195 conaminibus
812 4132 879 4192 dux
925 4140 1023 4210 atque
1068 4140 1173 4192 rector
1215 4130 1370 4201 extitisse,

77 4243 117 4310 Cf·
143 4242 205 4306 XV
232 4257 284 4322 5²⁴

236 4353 316 4417 haec
340 4355 397 4416 tibi
421 4355 462 4416 de
487 4355 587 4416 Musis
609 4355 750 4416 carmina
774 4353 840 4414 libo
865 4353 936 4414 tuis¹

182 4463 294 4546 Itaque
319 4464 413 4528 huius
438 4466 630 4528 auctoritate
655 4464 783 4526 videtur
807 4463 926 4524 sactum
953 4482 1024 4523 esse
1050 4469 1083 4521 ut
1100 4459 1265 4522 Ausonius
1291 4479 1372 4540 puer

77 4574 174 4635 multo
190 4577 293 4636 acrius
318 4576 518 4638 incumberet
541 4578 570 4638 iu
589 4577 716 4656 linguae
733 4573 922 4634 vernaculae
946 4572 1087 4634 studium
1106 4589 1204 4650 quarn
1218 4567 1370 4630 Graecae.

1128 4700 1140 4748 l
