3296 5224
658 385 869 516 ...ἃμ

273 628 409 693 Theocr.
436 628 481 689 IV
493 665 517 700 μ

273 735 399 814 ἐλπίδες
423 736 436 801 ἐ
450 761 470 801 v
492 744 509 820 ζ
522 760 549 799 oo
561 762 578 802 o
592 751 604 801 ἱ
616 754 700 812 σιν,
725 736 916 804 ἀνέλπιστοι
940 738 974 804 δὲ
997 738 1168 816 θανόντες.
1182 741 1204 822 1)

11 1033 18 1084 l
337 1083 339 1088 .

221 1105 322 1167 Suum
347 1105 452 1164 locum
479 1114 612 1188 teneant
633 1106 807 1187 apologi
831 1105 1059 1187 Aesopici3
1088 1105 1259 1187 Aesopum
1283 1126 1410 1168 summa

95 1216 211 1276 laude
228 1215 320 1276 effert
344 1224 453 1275 noster
475 1215 512 1278 E.
536 1215 628 1277 XVII
645 1235 682 1282 13:
709 1216 873 1296 „quisita
894 1214 1020 1295 Aesopi
1045 1224 1239 1289 venustates,
1266 1217 1335 1295 quis
1359 1237 1408 1278 so-

97 1325 265 1407 phisticas
280 1324 427 1386 Isocratis
443 1323 707 1386 conclusiones?·‘
717 1325 816 1386 Mittit
825 1325 931 1386 Probo
945 1326 1105 1404 apologos
1118 1325 1273 1386 aTitiano
1283 1346 1406 1388 versos:

219 1456 256 1520 E.
279 1455 356 1518 XVI
385 1473 442 1516 12:
476 1454 657 1536 „apologos
689 1454 806 1516 Titiani
834 1503 1007 1522 ......
1028 1456 1068 1517 ad
1093 1455 1295 1517 nobilitatem
1319 1465 1408 1518 tuam

102 1566 186 1627 misi
212 1566 358 1645 gaudens
383 1574 481 1646 atque
505 1565 601 1628 etiam
620 1565 760 1645 glorians
776 1564 844 1626 lore
862 1564 992 1646 aliquid,
1013 1566 1099 1644 quod
1116 1564 1157 1626 ad
1175 1565 1408 1630 institutionem

102 1685 244 1738 tuorum
268 1676 448 1738 sedulitatis
472 1696 564 1739 meae
580 1677 689 1738 studio
713 1675 927 1739 conferatur“.

220 1787 261 1848 ib.
291 1803 346 1856 274

273 1897 435 1978 apologos
460 1917 500 1959 en
524 1896 611 1959 misit
633 1897 692 1959 tibi

223 2029 247 2075 γε
271 2008 452 2087 Aesopiam
476 2008 674 2080 trimetriam,

272 2137 369 2196 quam
391 2118 487 2179 vertit
510 2116 582 2180 exili
607 2116 680 2178 stilo

273 2227 423 2307 pedestre
447 2228 642 2290 concinnans
666 2246 750 2306 opus

272 2336 359 2398 fandi
384 2337 529 2399 Titianus
554 2335 678 2398 artifex.

218 2469 243 2506 ss
266 2447 312 2508 sic
335 2447 395 2508 iste
420 2448 473 2528 qui
498 2455 591 2508 natus
617 2447 676 2508 tibi

271 2555 330 2618 llos
354 2557 561 2620 flosculorum
586 2559 715 2620 Romuli

271 2669 401 2730 nutricis
425 2670 508 2730 Inter
531 2668 684 2731 lemmata

270 2777 395 2859 lallique
418 2779 612 2842 somniferos
636 2781 754 2842 modos

269 2898 395 2950 suescat
419 2891 541 2969 peritus
567 2888 682 2951 sabulis

270 2999 362 3059 simul
387 3000 484 3061 iocari
510 3009 542 3062 et
566 3001 698 3062 discere.

217 3129 309 3189 Hanc
334 3129 536 3209 „Aesopiam
561 3132 772 3193 trimetriam‘
798 3133 862 3194 iam
887 3131 1052 3194 Fabricius
1075 3130 1203 3211 putavit
1227 3150 1296 3190 esse
1315 3129 1401 3191 fabu-

109 3239 155 3298 las
180 3237 284 3298 Babrii
307 3241 430 3318 graecis
454 3240 645 3304 choliambis
667 3242 812 3324 scriptas,
839 3261 920 3320 quas
943 3241 1092 3320 prosaico
1117 3258 1267 3301 sermone
1286 3239 1402 3300 Latino

11 3405 12 3410 ,
109 3347 254 3410 Titianus
279 3361 483 3430 expresserat
505 3351 553 3432 (cl.
579 3352 654 3414 Aes
681 3353 729 3414 ed.
756 3352 796 3413 de
821 3351 916 3413 Furia
940 3369 970 3429 p.
995 3348 1103 3427 CXII).

15 3443 37 3481 ⁴
214 3481 382 3559 Expressit
405 3482 570 3545 Ausonius
594 3483 734 3545 fabulam
759 3483 957 3564 Aesopicam
975 3501 1008 3543 e.
1036 3495 1072 3559 71
1092 3481 1123 3561 ²).

266 3590 492 3670 Languentem
518 3591 635 3655 Gaium
660 3595 850 3655 moriturum
875 3594 1001 3654 dlxerat
1024 3590 1099 3652 oIIm

318 3702 505 3767 Eunomus:
541 3701 644 3763 evasit
669 3700 722 3762 fati
748 3721 820 3782 ope,
847 3720 912 3761 non
935 3701 1064 3766 medici.

264 3812 370 3892 paullo
395 3821 471 3890 post
494 3813 601 3891 ipsum
624 3811 711 3873 videt
736 3820 791 3873 aut
817 3811 933 3875 vidiSse
957 3810 1085 3894 putavit

317 3922 489 4001 pallentem
515 3930 545 3983 et
570 3921 672 3983 multa
696 3921 809 3984 mortis
833 3922 863 3982 in
888 3921 1004 4003 effigie.

264 4033 356 4113 „quis
380 4031 454 4094 tu?“
480 4030 625 4106 „Gaius“
650 4031 702 4092 ait.
744 4032 928 4104 ‚,vivisne?“
964 4032 1014 4095 hic
1037 4031 1158 4094 abnuit.
1185 4032 1341 4113 „etquid

317 4163 400 4205 nunc
424 4145 494 4224 agis
516 4141 607 4204 hic?“
634 4141 753 4216 „missu
779 4141 894 4218 Ditisr,
920 4143 973 4217 ait,
1001 4143 1118 4216 „venio

214 4423 229 4491 Ι)
252 4425 308 4474 Sed.
330 4425 361 4476 cl.
381 4441 446 4489 quae
464 4425 552 4490 Peiper
571 4433 699 4490 comparat
718 4441 747 4473 ex
767 4425 843 4475 Anth.
865 4425 917 4477 Pal.
938 4424 969 4492 (J.
987 4426 1009 4490 J.
1031 4424 1110 4490 Suppl
1130 4425 1162 4473 Xl
1183 4421 1254 4493 231).

210 4513 228 4585 ⁷)
252 4519 345 4567 Primus
364 4518 460 4567 monuit
480 4517 654 4568 Schneidewin
674 4518 737 4567 Phil.
758 4517 770 4565 Ι
791 4535 815 4584 p.
835 4530 896 4578 420.
