3296 5224
738 439 756 496 7

639 523 848 530 -——--—-—-—--—-

250 633 436 726 Ῐλρξάμενος
460 635 556 708 d'u'rri]
579 637 716 728 πρώτου
740 645 866 726 ἐπέξιθι
891 649 946 711 καὶ
968 647 1141 728 μετέπειτα

258 749 353 816 alerici
375 753 435 835 μὲν
458 753 619 839 ἐκπρήξας
642 755 847 841 ἐπιπλήσσω,
870 755 997 843 χρηστὰ
1020 757 1053 822 δὲ
1078 748 1220 842 τέρπου(

206 863 250 925 CI.
280 864 359 925 Aus,
385 864 426 925 de
449 865 519 926 viro
544 866 632 928 bono
655 868 747 930 XXX
764 889 841 937 14-16

261 995 326 1038 non
350 975 437 1056 prius
461 976 492 1036 in
517 975 641 1044 dulcem
667 979 829 1041 declinans
853 980 971 1041 lumina
995 997 1159 1040 somnum

259 1085 367 1147 omnia
391 1105 487 1164 quarn
513 1071 599 1166 longi
625 1092 822 1170 reputaverit
846 1098 918 1151 acta
942 1089 1021 1154 diei:

258 1215 342 1275 quae
366 1204 632 1276 praetergressus,
659 1200 736 1277 quid
768 1209 899 1279 gestum
934 1200 965 1259 in
1000 1206 1158 1279 tempore,
1194 1200 1271 1278 quid
1305 1199 1389 1261 noni

88 1316 177 1371 ete:
215 1326 243 1370 v.
269 1321 307 1382 23
1335 1285 1338 1290 v

525 1419 570 1478 sic
595 1417 680 1480 dicta
705 1430 736 1481 et
760 1418 842 1480 lacta
866 1437 925 1497 per
948 1419 1058 1480 omnia

262 1529 443 1608 ingrediens
468 1538 606 1610 ortoque
630 1550 648 1590 a
671 1549 805 1610 vespere
831 1536 948 1590 cuncta
972 1526 1139 1590 revolvens

259 1637 399 1700 offensus
422 1641 528 1720 pravis
551 1639 605 1701 dat
628 1639 768 1722 palmam
792 1649 825 1700 et
848 1638 990 1721 praemia
1013 1640 1117 1702 rectis.

206 1748 377 1829 Subiungo
402 1748 616 1822 Solonem,
642 1750 731 1810 cuius
755 1749 926 1828 vestigium
949 1748 1067 1828 legitur
1089 1749 1210 1811 XXVII
1239 1765 1308 1828 51-2

259 1858 382 1920 Indicat
406 1860 436 1919 in
458 1861 565 1941 pueris
589 1860 758 1942 septennia
783 1859 885 1940 prima
909 1877 1011 1920 novus
1035 1859 1123 1933 dens,

259 1969 419 2049 pubentes
444 1990 545 2032 annos
571 1971 733 2032 robustior
757 1970 911 2048 anticipat
934 1989 1000 2030 vox

208 2077 273 2141 Sol.
300 2093 356 2158 271
383 2079 515 2162 (Bergk)

311 2190 395 2264 Παῖς
417 2190 476 2272 μὲν
500 2183 628 2275 ἄνηβος
644 2188 709 2254 ἐών
731 2187 778 2253 ἔτι
802 2191 919 2274 νήπιος
943 2185 1035 2272 ἕρκος
1059 2183 1207 2253 ὀδόντων

259 2293 366 2380 φύσας
388 2299 539 2380 ἐκβάλλει
561 2306 698 2384 πρῶτον
721 2299 756 2363 ἓν
780 2291 852 2364 ἓπτ)
875 2297 989 2365 ἔτεσιν.

208 2409 274 2473 Sed
297 2412 405 2492 potius
428 2412 556 2474 credam
582 2413 644 2475 hoc
668 2413 805 2494 petitum
828 2431 898 2472 esse
932 2431 949 2471 e
976 2409 1153 2472 Censorino
1186 2411 1227 2472 de
1251 2411 1302 2472 die
1326 2420 1390 2472 nat.

98 2521 178 2590 XIV
203 2535 238 2600 7:
268 2523 380 2594 „utin
404 2522 509 2602 elegia
534 2521 660 2584 Solonis
684 2523 793 2585 datur:
821 2523 864 2583 ait
888 2523 972 2583 enirn
1004 2521 1035 2583 in
1059 2523 1162 2600 prima
1184 2521 1389 2585 hebdomade

98 2631 214 2693 dentes
249 2631 370 2693 homini
409 2634 534 2706 cadere,
571 2635 602 2694 in
637 2635 780 2694 secunda
814 2633 934 2714 pubem
966 2651 1130 2713 apparere,
1163 2641 1272 2693 tamen
1296 2632 1326 2691 in
1350 2631 1388 2693 II.

97 2742 306 2804 hebdomade
330 2743 380 2804 vel
404 2744 575 2825 Incipiente
600 2746 691 2806 tertia
715 2763 828 2805 vocent
852 2743 1040 2805 crassiorem
1062 2741 1161 2803 fieri“.

207 2851 373 2914 Censorini
408 2854 498 2915 locos
533 2853 673 2916 Schenkl
709 2855 740 2914 in
776 2852 917 2914 editione
956 2851 1140 2933 complures
1177 2859 1311 2912 annotat
1348 2851 1389 2912 ad

100 2965 178 3024 Aus.
194 2962 328 3043 XXXV3
341 2962 379 3026 cl.
396 2965 491 3026 etiarn
506 2985 588 3045 quae
605 2963 684 3025 infra
699 2965 729 3023 in
748 2963 893 3023 Hesiodo
910 2973 942 3023 et
958 2963 989 3022 in
1006 2961 1087 3023 thesi
1105 2963 1125 3023 I.
1141 2960 1291 3022 allaturus
1307 2981 1387 3023 sum.

7 2371 23 2412 ἰ

207 3303 264 3366 De
305 3307 488 3367 scenicis
531 3308 668 3388 poetis
708 3326 772 3368 non
808 3305 909 3366 multo
946 3307 1082 3366 certiora
1120 3313 1261 3365 statuere
1300 3304 1389 3376 licet;

9 3464 28 3511 ι
98 3414 240 3494 tragicos
265 3433 305 3476 ne
328 3415 474 3478 nominat
496 3417 638 3498 quidem,
664 3416 724 3478 loci
749 3416 904 3497 perpauci
928 3425 1002 3476 sunt
1026 3413 1214 3487 fabularum,
1253 3434 1333 3494 quas
1349 3413 1390 3474 illi

99 3533 325 3598 tractaverunt,
359 3526 449 3588 dubii
484 3525 557 3588 ideo
588 3525 677 3607 quod
712 3526 903 3607 plerumque
938 3525 1095 3587 incertum
1129 3533 1177 3584 est
1210 3531 1315 3585 utrum
1350 3542 1392 3584 ex

100 3634 179 3716 ipsis
207 3654 248 3696 an
272 3634 400 3698 aliunde
428 3635 593 3709 fluxerint;
631 3655 687 3698 eos
712 3655 788 3696 vero
821 3635 910 3697 locos
935 3653 1066 3716 prorsus
1091 3632 1289 3694 omittendos
1321 3651 1391 3695 esse

100 3745 219 3817 censui,
237 3745 292 3824 qui
309 3747 417 3824 potius
442 3747 482 3807 ad
499 3747 676 3827 Vergilium
692 3745 845 3808 Ovidium
863 3745 1002 3808 Statium
1019 3743 1190 3806 revocandi
1216 3743 1391 3805 videantur.

209 3853 364 3938 Sphingis
388 3858 537 3936 aenigma
560 3857 711 3938 exprimit
727 3856 834 3918 XXVI
846 3877 932 3929 38-41‚
950 3855 1007 3917 sed
1030 3855 1093 3916 hoc
1115 3855 1208 3914 nimis
1225 3853 1392 3934 vulgatum

99 3981 167 4046 est,
199 3979 234 4032 ut
258 3989 322 4030 non
351 3968 489 4030 audeam
524 3976 714 4048 argumenta
744 3967 816 4028 Eur.
853 3964 970 4026 Phoen.
1003 3966 1053 4026 vel
1083 3963 1183 4042 Soph.
1208 3963 1289 4026 Oed.
1313 3963 1389 4044 Tyr.
1474 3970 1478 3986 ¹

100 4102 160 4166 pro
185 4079 327 4144 fontibus
350 4098 480 4162 ponere.

208 4189 380 4273 Sophoclis
404 4210 503 4252 unum
527 4189 635 4250 locum
663 4188 847 4250 dubitanter
870 4194 1005 4248 annotat
1030 4183 1185 4246 Schenkl:

207 4301 286 4366 AUS.
312 4301 358 4366 IV
385 4317 489 4382 710-11

260 4411 406 4476 infandas
429 4411 527 4475 etiarn
552 4430 684 4474 veneres
708 4410 895 4488 incestaque
919 4406 1023 4468 noctis

260 4524 419 4584 dedecora
444 4532 475 4586 et
499 4523 639 4601 tragicos
663 4521 801 4601 patimur
826 4539 882 4603 per
906 4518 1031 4579 somnia
1055 4525 1167 4578 coetus
