3296 5224
887 475 927 540 36

362 685 440 757 Aus.
466 713 494 758 e.
522 705 556 772 51

362 803 577 867 Faustissimis
602 801 751 882 auspiciis
776 801 858 862 hanc
889 811 969 883 puto
985 803 1166 864 versionem
1182 821 1200 862 a
1218 810 1328 862 nostro
1345 810 1563 884 conceptam,

256 937 339 996 quae
363 936 427 977 non
452 915 552 976 modo
578 913 616 974 A.
643 912 674 973 P.
697 912 775 974 XVI
789 945 826 981 ια
850 909 898 976 rid.
923 913 1085 992 eleganter
1110 920 1141 972 et
1171 920 1320 972 accurate
1344 913 1467 985 reddat,
1494 916 1564 976 sed

256 1029 386 1109 insuper
401 1025 523 1088 Niobes
548 1042 667 1085 nomen
693 1044 710 1084 e
735 1023 888 1085 lemmate
910 1025 940 1084 in
965 1025 1068 1103 ipsum
1094 1022 1296 1102 epigramma
1312 1023 1444 1103 recipiat
1485 1025 1564 1086 Nec
1638 1075 1640 1080 .

256 1139 360 1200 minus
382 1135 457 1198 felix
480 1134 538 1195 fuit
563 1135 594 1194 in
617 1130 768 1193 addendo
793 1133 955 1192 acumine:

414 1265 569 1328 Reddidit
592 1262 721 1325 artificis
746 1282 860 1324 manus
884 1264 1002 1334 omnia,
1028 1262 1085 1323 sed
1108 1264 1176 1324 sine
1199 1282 1311 1328 sensu:

467 1375 553 1438 hunc
576 1392 650 1452 egb,
677 1393 750 1434 cum
773 1373 849 1435 laesi
874 1374 1014 1446 numina,
1038 1392 1103 1433 non
1126 1371 1233 1437 habui.

361 1509 440 1569 Aus.
467 1527 493 1567 e.
524 1518 562 1583 50

254 1647 296 1674 =
321 1617 362 1682 Α,
387 1617 419 1678 P.
446 1617 490 1679 IX
503 1645 540 1684 ια
565 1611 613 1678 αδ.
663 1614 849 1676 Secundum
882 1614 1076 1696 exemplaris
1111 1613 1271 1676 distichon
1307 1635 1371 1676 non
1397 1619 1562 1698 exprimit

254 1730 343 1801 Aua,
369 1738 476 1791 cetera
500 1727 599 1788 libere
624 1727 727 1798 vertit,
755 1725 911 1804 Diogenis
937 1725 1111 1787 commoda
1136 1726 1269 1804 copiose
1294 1729 1436 1807 exponit.

358 1838 518 1902 Ultimum
533 1837 612 1900 Aus
627 1834 785 1897 distichon
805 1836 847 1896 ab
864 1836 935 1914 ipso
952 1835 1098 1897 additum
1116 1846 1181 1896 est:
1201 1845 1314 1897 notatu
1333 1837 1466 1916 dignum
1485 1851 1552 1912 est,

254 1952 343 2033 quod
366 1949 477 2012 Croesi
513 1946 758 2029 quodammodo
795 1954 904 2025 partes
939 1955 1051 2008 contra
1085 1946 1252 2024 exemplar
1286 1958 1395 2010 noster
1418 1951 1558 2012 videtur
1641 1937 1643 1994 l

253 2061 415 2139 amplecti.
463 2058 619 2121 Croesum
645 2065 676 2117 et
693 2055 876 2133 Diogenem
899 2056 981 2117 inter
1005 2077 1038 2118 se
1064 2067 1270 2138 comparatos
1291 2057 1425 2137 legimus
1449 2062 1555 2122 etiam
1641 2145 1642 2150 ρ

253 2169 335 2235 Aus,
360 2169 420 2231 ΧΠ
445 2185 497 2230 2η

413 2287 528 2342 cuncta
551 2275 640 2356 cupit
664 2273 812 2344 Croesus,
840 2277 1005 2355 Diogenes
1030 2275 1170 2337 nihilum.

362 2411 440 2472 Aus.
464 2429 491 2470 e.
522 2424 555 2470 11

253 2523 395 2585 imitatur
419 2521 459 2582 Α,
485 2519 516 2580 P.
540 2518 617 2580 XVI
630 2553 667 2590 275
692 2514 922 2589 Ποσειδίππου,
950 2518 1006 2579 sed
1033 2517 1140 2579 multis
1170 2518 1249 2580 locis
1279 2522 1446 2601 exemplar
1479 2545 1548 2587 non
1644 2537 1645 2552 ¹

254 2633 414 2714 sequitur:
451 2629 581 2692 Phidiae
611 2628 642 2689 id
672 2647 754 2708 opus
788 2647 858 2688 esse
896 2627 996 2708 fingit,
1024 2628 1157 2689 Palladis
1180 2629 1329 2710 lovisque
1353 2634 1452 2712 signis
1478 2645 1550 2696 arte

253 2762 326 2824 par3
372 2742 402 2802 in
453 2739 556 2802 rotula
589 2738 804 2801 Occasionem
855 2747 993 2799 stantem
1043 2738 1119 2800 iacit
1169 2734 1232 2818 (ἐπ’
1262 2731 1347 2824 ἄκρα
1377 2743 1546 2827 βέβηκας);

254 2853 340 2914 crine
376 2850 490 2913 faciem
522 2849 598 2910 dicit
629 2857 777 2926 opertam
808 2868 878 2908 esse
910 2868 949 2909 ne
981 2858 1212 2927 cognoscatur;
1251 2850 1342 2914 deest
1378 2856 1546 2927 novacula,

253 2963 297 3025 ita
322 2971 356 3022 ut
379 2961 463 3022 tertii
483 2960 610 3022 distichi
629 2957 743 3019 Graeci
762 2956 881 3018 nullum
899 2959 938 3020 sit
955 2959 1145 3038 vestigium3
1170 2959 1280 3022 addita
1296 2972 1345 3024 est
1362 2962 1546 3028 Metanoea.

360 3092 422 3153 Hic
457 3110 653 3172 quamquam
678 3110 696 3150 e
721 3089 992 3167 praecedentibus
1028 3090 1178 3151 iudicium
1214 3089 1294 3152 serre
1327 3092 1409 3166 licet,
1433 3105 1546 3158 tamen

252 3203 349 3266 video
371 3203 551 3264 accuratius
575 3200 808 3280 inquirendum,
835 3219 907 3260 cum
935 3200 974 3260 de
998 3197 1133 3262 artificio
1156 3219 1263 3261 sermo
1296 3203 1344 3262 sit.
1395 3204 1546 3284 Namque

252 3313 284 3374 in
308 3312 366 3374 illis
391 3312 521 3391 quidem
546 3311 790 3391 epigrammatis
814 3329 898 3390 quae
922 3320 996 3371 sunt
1031 3310 1072 3370 de
1107 3310 1223 3372 bucula
1248 3311 1391 3391 Myronis
1426 3315 1468 3375 nil
1502 3318 1548 3378 de

252 3423 320 3484 eius
345 3423 535 3484 condicione
559 3419 727 3498 profertur,
754 3419 805 3480 hic
830 3439 906 3482 vero
931 3421 1121 3500 gravissima
1145 3439 1294 3502 quaeque
1319 3433 1444 3486 mutata
1459 3426 1545 3488 vide-

252 3552 332 3604 mus,
362 3542 459 3614 atque
491 3533 554 3593 hoc
592 3532 635 3591 ita
667 3539 700 3590 ut
733 3550 798 3590 non
830 3530 930 3590 modo
963 3539 1120 3601 auctores,
1152 3531 1209 3591 sed
1241 3532 1340 3594 etiam
1373 3534 1547 3598 artificium

249 3642 419 3723 antiquum
460 3663 502 3703 ex
543 3649 634 3719 parte
677 3660 749 3700 cum
794 3641 941 3702 Ausonio
985 3649 1151 3719 congruat.
1219 3640 1362 3722 [Callistr.
1401 3654 1473 3706 stat.
1509 3648 1544 3712 6.

250 3749 401 3835 Εὶστήκει
434 3750 487 3816 ἐπὶ
520 3773 608 3824 τινος
645 3751 784 3834 σφαίρας
819 3740 871 3814 ἐπ’
904 3742 1016 3832 ἄκραν
1051 3753 1122 3813 ταῖν
1156 3756 1290 3835 ταρσῶν
1319 3749 1465 3837 βεβηκώς
1503 3795 1542 3804 -

248 3862 382 3924 Tzetzes
393 3861 472 3924 Chil.
486 3861 562 3924 Vlll
575 3895 613 3931 433
626 3858 815 3942 πτερόπσσα
831 3859 884 3924 ἐπὶ
901 3861 1042 3943 σφαίρας
1061 3899 1100 3906 -
1115 3861 1319 3939 Nicephorus
1335 3865 1546 3946 Blemmydes

249 3994 278 4054 p.
302 3974 375 4050 667.
402 3968 485 4035 κάπὶ
509 3975 648 4054 σφαίρας
671 3970 842 4056 βεβηκότα.
876 3970 912 4031 cl.
939 3971 1092 4032 Foerster
1122 3971 1163 4031 M.
1191 3971 1252 4036 Rh.
1277 3976 1371 4051 38‚4³⁴
1384 3994 1473 4056 seqq.
1502 4014 1543 4023 —

247 4091 280 4143 et
304 4082 513 4163 anaglyphon
536 4082 742 4143 Torcellense
767 4082 832 4163 (ed.
858 4101 875 4142 a
898 4079 1009 4143 Curtio
1040 4080 1137 4143 Arch.
1163 4081 1241 4146 Zeit.
1268 4099 1308 4160 33
1335 4101 1396 4164 p.1
1426 4090 1543 4167 seqq),

246 4192 277 4254 in
301 4213 367 4275 quo
391 4190 518 4275 Καιρὸν
541 4193 688 4254 videmus
712 4193 838 4254 duabus
863 4192 974 4254 rotulis
999 4192 1141 4273 pinnatis
1166 4193 1400 4272 ingredientem
1418 4202 1450 4255 et
1465 4207 1544 4274 post

244 4312 374 4382 tergum
400 4303 467 4364 eius
491 4301 656 4364 hominem
682 4311 842 4364 astantem
867 4312 962 4382 gestu
989 4302 1141 4363 maeroris
1165 4301 1284 4384 plenol.

351 4433 418 4495 Iam
442 4452 515 4495 cum
539 4433 609 4514 ipsa
632 4433 812 4494 Ausoniani
836 4432 941 4495 forma
963 4442 1061 4512 atque
1097 4433 1203 4496 indole
1232 4435 1319 4496 omni
1345 4434 1540 4496 dubitationi

244 4554 432 4625 exemptum
469 4543 518 4613 sit,
557 4545 632 4621 quin
658 4543 821 4624 Posidippi
857 4544 956 4623 epigr.
995 4552 1104 4604 noster
1139 4554 1214 4604 ante
1244 4544 1356 4606 oculos
1380 4541 1540 4620 habuerit,
