3296 5224
233 661 331 728 Aus:

285 773 338 834 Me
362 772 503 850 lapidem
528 774 693 852 quondam
717 773 831 834 Persae
855 772 1017 834 advexere
1041 782 1213 854 tropaeum

338 893 372 943 ut
397 881 506 944 fierem
532 882 631 962 be1103
655 903 738 944 nunc
763 902 827 962 ego
849 901 921 944 sum
945 883 1102 948 Nemesis

288 996 337 1055 Ac
360 995 442 1054 sicut
467 993 598 1055 Graecis
623 993 800 1054 victoribus
822 1002 893 1053 asto
917 1000 1090 1074 tropaeum

339 1103 438 1182 punio
461 1105 506 1164 sic
530 1104 646 1164 Persas
670 1099 835 1161 vanilocos
860 1101 1014 1164 Nemesis

71 1216 159 1280 Cf.
200 1217 276 1276 Aus.
302 1215 362 1295 Ep.
390 1214 570 1283 XXVo-ss

284 1324 462 1385 Arsacidae
496 1332 529 1384 ut
554 1322 720 1402 quondam
756 1323 840 1400 regis
876 1341 939 1382 non
980 1322 1062 1384 laeta
1097 1324 1269 1405 triumphis

283 1435 418 1514 grandia
441 1434 541 1494 verba
565 1453 725 1512 premens,
751 1431 845 1492 ultrix
869 1432 930 1492 dea
954 1433 1080 1494 Medica
1104 1434 1178 1495 belli

284 1545 396 1606 sistere
421 1543 636 1624 Cecropidum
660 1545 690 1603 in
714 1544 805 1604 terris
830 1554 1040 1604 monumenta
1066 1545 1193 1622 paranti

284 1656 466 1738 obstitituet
490 1653 588 1714 Graio
613 1655 742 1714 iamiam
765 1652 895 1732 figenda
917 1662 1054 1732 tropaeo

285 1766 367 1826 ultro
392 1753 488 1826 eiiam
513 1765 605 1825 victis
630 1764 776 1824 Nemesis
801 1764 891 1824 stetit
914 1763 1025 1824 Attica
1049 1764 1158 1825 Persis.
1176 1768 1198 1842 1)

232 1877 310 1939 Aus
337 1896 361 1935 e.
390 1891 426 1934 21

100 2015 165 2042 ==
191 1986 231 2046 A.
257 1986 288 2046 P.
327 1985 369 2046 [X
381 2018 406 2053 44
440 1984 623 2058 Πλάτωνος
656 1965 715 2047 τοῦ
751 1983 906 2066 Μεγάλου
940 1983 1056 2063 (Plan.:
1098 1983 1288 2060 Πλάτωνος,
1323 1982 1353 2048 οἱ
1387 1985 1420 2048 δὲ

86 2089 348 2178 Ἀντιπάτρου).
398 2095 540 2176 (Peiperz
567 2114 630 2156 non
653 2094 697 2155 IX
710 2097 759 2174 45)·

231 2205 312 2267 Aus.
338 2227 362 2266 e.
392 2221 430 2266 22

4 2359 14 2369 -
115 2346 166 2372 =
197 2317 236 2376 A.
266 2316 300 2379 P.
336 2315 445 2384 VII229
469 2315 685 2397 Atooxopidov,
720 2316 821 2396 epigr.
859 2313 1018 2376 Graecum
1055 2314 1170 2393 legitur
1206 2314 1304 2375 etiam
1329 2316 1417 2392 apud
1508 2381 1511 2388 ,

119 2426 330 2488 Plutarchum
356 2424 513 2504 apophth.
537 2425 613 2488 Lae.
640 2428 691 2500 48.

234 2536 313 2598 Aus.
338 2556 362 2597 e.
390 2553 431 2612 42

119 2677 166 2702 =
194 2649 233 2708 A.
261 2648 290 2706 Ρ.
314 2646 389 2707 XVI
404 2647 466 2724 318
490 2636 540 2709 oid.
589 2643 707 2706 Similis
732 2645 924 2723 argumenti,
943 2644 999 2704 sed
1025 2663 1089 2705 non
1110 2643 1202 2704 huius
1220 2646 1416 2726 exemplaria

119 2768 200 2820 Sunt
222 2756 261 2817 Α.
286 2756 316 2816 P.
344 2757 386 2817 Xi
401 2789 445 2823 145,
463 2789 506 2825 149,
524 2787 569 2823 151.
608 2755 692 2817 Vide
716 2777 747 2836 p.
775 2772 825 2834 31.
925 2742 927 2746 Ι

232 2867 310 2926 Aus.
338 2886 363 2926 e.
387 2883 430 2943 49
556 2841 557 2844 Ἴ
804 2909 806 2914 ι

121 3007 166 3034 =
191 2976 233 3039 A.
257 2976 289 3037 P.
314 2975 391 3038 XVI
404 3009 442 3044 333
456 2965 639 3056 Ἀντιφίλου
663 2975 848 3055 Βυζαντίου
872 2978 950 3054 (υου
977 2974 1096 3052 Vlla),
1124 2973 1180 3033 nisi
1206 2973 1295 3054 quod
1311 2975 1417 3055 prima

122 3089 193 3148 duo
216 3085 352 3147 disticha
378 3087 409 3146 in
435 3106 533 3147 unum
555 3107 573 3147 a
599 3094 710 3146 nostro
733 3094 807 3146 sunt
831 3093 1007 3146 contracta.

233 3197 311 3258 Aus
339 3217 365 3259 e.
395 3210 432 3273 52

124 3335 167 3362 =
196 3309 231 3367 A.
258 3307 289 3368 P.
323 3306 399 3368 XVI
412 3339 449 3374 174
473 3304 520 3369 rid.
558 3303 675 3366 lemma
710 3302 870 3366 Graecum
907 3303 1072 3364 Ausonius
1109 3305 1138 3364 in
1172 3285 1273 3382 epigi.
1313 3305 1418 3386 ipsum

124 3418 257 3480 inducit.
1101 3409 1102 3412 ’

234 3529 312 3591 Aus,
338 3547 364 3587 e.
394 3540 430 3605 53

126 3667 168 3693 =
193 3638 229 3698 A.
256 3638 288 3698 P.
316 3637 381 3698 Vi1
409 3634 592 3709 Πλάτωνος
616 3635 646 3716 (i
671 3635 813 3716 Bergk)3
849 3636 1012 3715 expositio
1035 3655 1092 3716 per
1117 3645 1239 3706 ‚‚anus“
1256 3633 1419 3696 efficacior

127 3748 211 3810 sacta
246 3756 303 3819 est,
339 3766 475 3808 acumen
514 3746 626 3808 melius
652 3765 849 3825 expressum,
875 3744 913 3808 cf.
938 3746 1010 3828 τοίη
1049 3781 1087 3790 -
1123 3739 1174 3827 οἵη
1199 3739 1228 3806 d'
1249 3749 1289 3826 ἡν
1312 3742 1418 3826 πάρος

127 3857 251 3938 „qualis
274 3878 344 3918 sum
371 3895 409 3902 —
437 3856 538 3935 qualis
562 3865 680 3916 eram“.

235 3968 313 4029 Aus
341 3988 365 4032 e.
393 3971 433 4028 82

127 4107 169 4134 =
195 4077 234 4142 A.
260 4079 290 4139 P.
316 4078 382 4138 Vsa
397 4077 594 4141 Λουκιλλίου
616 4071 646 4138 οἳ
670 4074 703 4138 δὲ
726 4072 921 4156 Πολέμωνος
944 4082 1004 4136 τοῦ
1026 4075 1203 4136 Ποντικοῦ.

186 4205 221 4212 ο,-
231 4206 340 4212 ---.

239 4256 255 4320 ¹)
274 4257 356 4306 Locos
375 4257 492 4320 exscripsi
511 4272 561 4320 quo
581 4254 669 4302 melius
688 4255 851 4318 perspiciatur
865 4255 1002 4301 Ausonium
1022 4268 1094 4300 suum
1114 4253 1191 4316 ipsius
1207 4252 1285 4314 epigr.
1300 4251 1416 4300 laudare:

128 4350 159 4400 cf.
181 4351 303 4413 „grandia
332 4351 406 4397 verba
435 4364 548 4412 premens
581 4375 613 4382 -
655 4347 799 4401 vaniiocos:
837 4348 882 4394 τοῦ
908 4345 1025 4408 πολέμου
1053 4346 1180 4405 νέμεσις“,
1211 4343 1357 4405 „quondam
1388 4373 1418 4382 -

128 4443 271 4505 qnondam:
304 4443 349 4490 καί
375 4456 407 4503 με
431 4439 513 4490 λίθον.
541 4440 587 4504 Ep.
614 4440 682 4486 XXV
708 4455 774 4486 anno
802 4451 851 4499 393
877 4438 935 4485 daia
962 4439 1073 4486 omnium
1100 4445 1208 4484 extrema
1235 4445 1271 4481 est
1299 4431 1420 4499 (Schenkl

128 4533 240 4584 Prooem.
262 4533 347 4600 XVll).
367 4534 480 4580 Fortasse
500 4533 547 4580 hoc
565 4543 601 4579 est
622 4532 740 4579 iudiciuin
759 4545 827 4577 serae
846 4529 1002 4579 recensionis.

1173 4637 1189 4686 ’ὀ
