3296 5224
873 445 915 504 40

784 529 994 540 ——--—--

246 653 413 724 nominari,
436 651 487 715 hic
512 652 592 711 ordo
617 652 772 730 temporis
788 652 945 712 rationem
967 671 1031 712 non
1049 651 1148 710 babet
1165 660 1359 722 accuratam,
1377 651 1581 729 siquidem

244 764 372 823 Procius
397 772 541 823 mortuus
567 771 614 822 est
638 781 723 822 anno
745 765 807 839 485
834 783 863 842 p.
891 759 963 825 Chr.
989 759 1036 841 (es.
1063 760 1176 820 lacobs
1212 761 1299 824 anth.
1327 759 1378 820 Gr.
1399 762 1464 822 vol.
1487 760 1578 822 XII

244 895 275 954 p.
294 877 380 953 944),
399 870 544 932 Pallados
567 881 599 931 et
623 871 680 951 ipsi
693 872 846 932 ‘Iacobsio
872 881 946 931 ante
963 889 1081 932 annum
1095 883 1156 945 415
1177 871 1346 930 videbatur
1361 871 1574 950 scripsisse.

349 981 441 1042 Nunc
482 973 648 1041 audiamus
682 981 910 1060 Weigandium
946 986 989 1060 (p.
1032 981 1118 1056 soll:
1155 978 1337 1050 „Palladam
1377 990 1412 1040 ut
1448 979 1574 1060 Cycli

243 1091 430 1173 (Agathiael
456 1090 560 1170 poetis
594 1090 837 1160 innumerarem,
872 1091 996 1150 animus
1026 1089 1119 1149 valde
1151 1088 1323 1160 inclinaret,
1355 1091 1413 1150 nisi
1449 1102 1572 1152 aetas

244 1212 360 1280 poetae
384 1200 476 1260 huius
502 1200 680 1260 sententiae
717 1219 779 1260 non
816 1199 992 1260 admodum
1027 1198 1145 1260 faceret
1176 1247 1180 1257 .
1210 1253 1213 1258 .
1242 1249 1246 1258 .
1273 1253 1278 1262 ,
1312 1201 1395 1260 Rem
1428 1212 1568 1261 autem

243 1310 400 1372 conficere
429 1310 556 1369 videtur
584 1309 702 1370 lemma
734 1311 804 1371 cod.
839 1309 899 1372 Pal.
943 1309 984 1368 ad
1017 1309 1138 1375 Vllsso:
1170 1302 1218 1371 dd.
1252 1308 1304 1372 ἐπὶ
1333 1311 1398 1372 rhu
1437 1314 1568 1374 τοῦτο

244 1421 430 1503 γέγραπται,
453 1417 540 1501 πλὴν
563 1412 613 1481 ὅτι
636 1417 672 1481 ἐν
694 1432 762 1492 τοῖς
786 1421 846 1481 τοῦ
861 1418 1020 1481 Παλλαδᾶ
1035 1415 1273 1499 ἐπιγράμμασιν
1298 1414 1429 1502 εὑρέθη,
1446 1421 1564 1500 quod

243 1532 283 1592 ad
308 1530 532 1591 collectionem
556 1529 702 1591 Palladae
726 1529 920 1608 singularem
945 1548 1003 1588 nos
1027 1529 1189 1590 adducit“.

350 1641 467 1700 lterum
514 1641 603 1700 vides
649 1641 695 1701 eis
740 1659 823 1719 quae
853 1637 1015 1716 Weigand
1061 1638 1192 1728 protulit
1223 1658 1241 1698 a
1274 1638 1366 1698 nobis
1400 1635 1559 1699 fulcrum

243 1751 334 1812 addi:
360 1750 487 1811 tametsi
512 1749 551 1809 de
575 1759 682 1810 aetate
699 1750 767 1810 eius
783 1767 874 1808 secus
890 1748 998 1818 sensit,
1016 1748 1193 1808 rectissime
1215 1759 1232 1808 a
1249 1746 1348 1827 Cyclo
1373 1747 1557 1826 Agathiae

243 1880 316 1921 eum
341 1859 485 1922 secrevit.
826 1851 829 1857 ’

350 1969 423 2030 Non
446 1969 560 2048 ignoro
586 1967 770 2029 Heckerum
796 1988 854 2050 pro
877 1966 1067 2045 anthologio
1092 1966 1145 2028 illo
1162 1967 1367 2046 Diogeniano
1385 1966 1554 2028 Palladae

201 2055 205 2069 ,
242 2078 463 2157 anthologiam
487 2098 608 2156 ponere
625 2078 768 2159 (Hecker
792 2098 908 2140 comm.
932 2078 996 2138 crit.
1027 2078 1059 2137 ll.
1092 2079 1194 2154 1852),
1245 2077 1342 2137 Cuius
1360 2079 1551 2138 sententiae

243 2209 388 2269 eaquae
413 2189 512 2250 modo
547 2191 767 2269 exposuimus
799 2189 884 2250 haud
909 2186 992 2248 male
1024 2188 1236 2262 subveniunt,
1266 2207 1462 2266 quamquam
1498 2190 1548 2250 nil

242 2301 319 2359 certi
344 2300 373 2359 in
398 2298 581 2360 alterutram
609 2308 737 2376 partem
760 2308 869 2380 potest
893 2297 1003 2380 effici„

349 2409 463 2488 ltaque
486 2409 610 2468 videtur
633 2411 797 2470 Ausonius
823 2409 852 2470 in
878 2408 1025 2468 manibus
1049 2405 1199 2468 habuisse
1222 2427 1359 2468 coronas
1384 2407 1542 2488 Meleagri

244 2529 274 2578 et
298 2517 446 2598 Philippi,
478 2515 636 2579 Stratonis
668 2520 791 2580 illusam
817 2518 981 2600 puerilem,
1007 2516 1216 2596 anthologion
1245 2518 1447 2595 Diogeniani,
1472 2520 1541 2598 epi-

244 2637 424 2707 grammata
455 2627 604 2688 Palladae
637 2668 668 2674 m
711 2630 760 2690 vel
789 2630 899 2708 potius
932 2627 1152 2704 anthologiam
1186 2625 1343 2688 Graecam
1377 2649 1417 2688 ex
1449 2628 1543 2690 hisce

244 2738 395 2800 omnibus
418 2735 599 2799 conflatam.

254 3075 257 3080 .
304 3021 391 3101 Qua
415 3033 503 3083 arte
530 3022 744 3083 Ausonius
769 3021 806 3080 in
831 3021 1054 3081 vertendis
1083 3020 1266 3084 Graecis
1292 3045 1389 3084 usus
1413 3025 1471 3085 sit.

352 3173 438 3235 Tota
461 3173 526 3234 fere
556 3174 748 3252 antiquitate
778 3173 879 3234 sicubi
899 3170 1038 3234 ,Graeca
1076 3174 1105 3233 in
1139 3174 1290 3236 Latinum
1323 3195 1414 3236 versa
1452 3188 1538 3249 sunt,

246 3286 400 3346 materiae
423 3286 526 3363 magis
548 3303 645 3364 quam
670 3283 792 3344 formae
823 3282 981 3343 rationem
1005 3283 1148 3344 habitam
1173 3285 1337 3358 videmus;
1369 3284 1538 3346 Ausonius

246 3405 355 3455 autem
388 3413 618 3473 nonnunquam
649 3392 773 3454 Graeca
803 3393 846 3454 ita
871 3394 964 3453 vertit
996 3403 1029 3454 ut
1060 3414 1124 3456 non
1152 3394 1251 3455 modo
1277 3396 1441 3455 materiam
1479 3399 1537 3456 sed
1626 3409 1637 3418 ”

247 3506 344 3566 etiam
371 3505 506 3566 formam
533 3505 645 3564 reddat
670 3514 701 3564 et
725 3524 830 3584 paene
849 3505 982 3563 uerbum
1000 3505 1100 3565 verbo
1117 3505 1286 3584 exprimat,
1317 3504 1395 3564 Eius
1412 3506 1538 3582 generis

246 3625 295 3678 est
319 3616 349 3676 V
365 3649 397 3686 12,
423 3615 479 3675 nisi
505 3615 593 3694 quod
618 3623 722 3674 metro
747 3624 878 3674 coactus
895 3615 1002 3685 cred0,
1021 3613 1165 3674 ordinem
1184 3636 1212 3678 v.
1231 3632 1259 3690 4.
1279 3615 1434 3687 mutavit3
1460 3616 1535 3675 item

247 3747 273 3788 e.
293 3741 352 3785 20:
378 3723 570 3803 exemplaris
586 3743 695 3784 versus
713 3724 893 3785 alternatim
913 3725 943 3784 in
961 3722 1122 3805 τρόπαιον
1146 3761 1185 3770 --
1211 3724 1348 3806 Νέμεσις
1382 3736 1538 3787 exeuntes

247 3845 356 3895 noster
387 3836 546 3912 imitatur3
579 3855 604 3898 e.
637 3850 690 3911 42,
724 3835 777 3894 ubi
809 3833 879 3894 Rufi
913 3854 1030 3894 nomen
1064 3834 1209 3895 additum
1235 3844 1300 3911 est,
1341 3857 1367 3898 e.
1401 3837 1458 3896 82:
1499 3835 1538 3898 τὸ

247 3949 355 4026 allelu
371 3973 412 3999 =
438 3945 520 4017 „hoc
537 3946 624 4025 quod
650 3965 758 4005 amare
781 3954 939 4026 vocant“;
979 3967 1004 4006 e.
1026 3948 1062 4021 83
1085 3945 1167 4006 ordo
1185 3945 1328 4005 inversus
1351 3955 1417 4025 est3
1450 3945 1537 4022 prius

248 4056 491 4134 epigrammatis
512 4069 545 4134 51
569 4055 737 4127 distichon,
770 4055 890 4116 Niobes
924 4075 1043 4116 nomen
1059 4055 1220 4129 additum;
1261 4055 1381 4118 XXXII
1401 4075 1450 4116 vv.
1471 4077 1535 4138 1-83

246 4165 400 4238 XXXIII;
437 4165 499 4226 huc
538 4167 635 4228 etiam
670 4186 694 4226 e.
734 4181 770 4226 21
808 4166 956 4245 pertinet,
991 4185 1064 4226 nam
1104 4174 1139 4227 ut
1179 4175 1332 4243 quattuor
1371 4185 1481 4226 versus
1520 4187 1536 4226 e

247 4278 374 4338 duobus
398 4274 526 4348 faceret,
545 4296 584 4336 eo
602 4286 734 4338 coactus
750 4284 807 4349 est,
828 4275 916 4353 quod
933 4275 1048 4336 Latino
1065 4293 1214 4339 sermone
1231 4275 1353 4337 Graeca
1370 4275 1535 4357 participia

247 4383 368 4444 maiore
392 4391 517 4444 tantum
542 4385 715 4446 verborum
739 4385 863 4446 ambitu
889 4385 1025 4463 exprimi
1047 4394 1214 4472 poterant,
1255 4386 1380 4448 addidit
1410 4385 1535 4462 „collo“

248 4492 476 4574 „thesaurique
500 4493 593 4554 loc0“
620 4496 698 4576 „qui
722 4494 941 4569 condiderat‘,
