3296 5224
892 428 931 486 10

801 511 1011 520 ...-.---.—.-—

689 644 788 714 utque
811 633 1008 696 Cratinus

471 743 637 806 admoneo
663 753 737 806 ante
761 744 864 816 bibas,

578 853 689 915 ieiunis
714 853 756 916 nil
779 853 894 926 scribo,
1621 927 1622 944 χ

260 963 310 1044 (cl.
350 964 447 1025 etiam
481 964 562 1029 Aus,
592 964 699 1026 XXVI
729 981 784 1026 121
810 984 949 1045 namque
984 965 1131 1025 iniurium
1168 973 1216 1026 est
1252 965 1293 1026 de
1331 975 1431 1046 pocta
1470 966 1565 1027 male
1621 945 1622 1030 l

259 1074 369 1136 sobrio
410 1073 563 1136 lectorem
600 1075 794 1136 abstemium
834 1075 989 1157 iudicare)
1029 1094 1133 1155 neque
1169 1076 1318 1154 congruit
1356 1095 1429 1136 cum
1470 1075 1559 1137 Hor.
1621 1117 1622 1152 y

261 1183 323 1264 Ep.
349 1183 362 1244 Ι
391 1200 428 1263 19
446 1215 496 1251 ιη
519 1203 624 1263 neque
646 1204 721 1246 cum
745 1185 846 1265 epigr.
870 1185 910 1250 A.
935 1184 966 1246 Ρ.
993 1184 1066 1245 XIII
1093 1201 1133 1262 29
1157 1183 1356 1248 Νικαινέτου
1621 1163 1622 1182 ¹

424 1287 518 1367 Οἰνός
541 1316 591 1357 τοι
613 1295 759 1377 χαρίεντι
781 1293 871 1357 πέλει
895 1287 996 1376 ταχὺς
1018 1290 1117 1369 ἵππος
1141 1290 1242 1378 ἀοιδῷ

418 1396 507 1486 ὕδωρ
530 1403 564 1467 δὲ
585 1405 693 1468 ιιὶιιοοιι
716 1399 810 1468 oddar)
832 1394 873 1467 dv
894 1403 1000 1478 τέκοις
1024 1402 1135 1483 σοφόν.

424 1508 518 1578 Τοῦτ’
541 1509 651 1596 ἔλεγεν
675 1564 681 1576 .
707 1563 714 1577 .
740 1565 746 1576 .

419 1625 584 1707 Κρατῖνος
609 1675 746 1688 .....

367 1734 474 1796 Locus
497 1755 516 1797 a
539 1735 717 1798 Dezeimeri
748 1744 910 1796 correctus
933 1744 990 1808 est,
1016 1736 1147 1797 codices
1185 1734 1307 1798 habent
1336 1756 1396 1816 pro
1432 1745 1560 1816 „utque

262 1845 430 1908 Cratinus*
456 1855 532 1918 „aut
554 1845 736 1908 Erasinus.“

367 1955 448 2017 Aus.
473 1956 546 2017 XIII
576 1973 633 2027 ιιι

421 2065 468 2140 δὶς
490 2065 604 2140 παῖδες
626 2062 656 2129 οἱ
680 2064 832 2148 γέροντες

258 2205 304 2254 ιτι
327 2175 495 2255 Aristoph.
530 2176 614 2241 Nub.
644 2190 726 2255 1417
757 2175 841 2237 adeo
874 2175 1080 2256 proverbium
1105 2177 1189 2257 sapit
1201 2178 1235 2257 ¹),
1254 2184 1295 2238 -ut
1319 2195 1383 2238 non
1414 2177 1556 2238 audeam
1621 2185 1622 2212 ³

262 2285 566 2366 Aristophanis
597 2285 771 2366 vestigium
802 2303 934 2367 ponere,
962 2285 1152 2365 praesertim
1175 2305 1248 2346 cum
1272 2285 1346 2350 alibi
1378 2287 1557 2348 invenerim
1621 2311 1622 2314 ¹

262 2396 391 2459 nullum.

368 2507 480 2586 ltaque
516 2507 557 2568 de
590 2507 696 2588 poetis
730 2506 864 2568 scenicis
899 2525 998 2568 unum
1033 2505 1245 2568 Menandrum
1284 2506 1365 2567 inter
1403 2515 1556 2568 auctores
1621 2525 1622 2570 l

263 2618 400 2680 Ausonii
424 2637 545 2700 ponere
569 2617 649 2679 licet.

369 2898 475 2960 Venio
498 2899 540 2960 ad
563 2907 713 2979 poetas
737 2897 903 2976 epicos,
930 2916 947 2957 e
971 2897 1086 2978 quibus
1113 2895 1329 2968 Homerus,
1354 2897 1473 2978 quippe
1499 2899 1553 2976 qui

263 3007 294 3068 in
317 3003 435 3070 scholis
458 3008 626 3088 legeretur,
655 3016 766 3070 nostro
795 3017 827 3069 et
851 3007 985 3068 discenti
1009 3015 1042 3068 et
1071 3007 1199 3069 docenti
1223 3007 1254 3068 in
1279 3006 1426 3068 manibus
1460 3006 1554 3069 luerit

263 3137 394 3180 necesse
429 3127 486 3180 est.
556 3117 684 3180 Nomen
721 3117 855 3180 Homeri
891 3116 1090 3198 saepiuscule
1125 3118 1272 3196 legimus,
1306 3137 1333 3182 e.
1366 3137 1398 3196 g.
1431 3137 1456 3178 e.
1486 3134 1551 3189 117,

263 3227 299 3288 E.
332 3228 439 3291 XVIII
458 3260 490 3303 η,
525 3227 603 3290 XVI
627 3244 668 3290 22
689 3259 721 3301 η,
748 3227 808 3289 XX
826 3259 859 3301 11,
895 3227 971 3290 VIII
995 3246 1074 3304 419:
1113 3225 1277 3288 Homerici
1314 3235 1468 3300 oratores,
1508 3226 1551 3290 ib.
1621 3269 1622 3302 y

268 3353 303 3415 13
321 3358 359 3409 59:
384 3339 577 3402 Homericos
601 3359 720 3405 versus,
1621 3311 1622 3366 I

371 3447 542 3531 Smyrnam
566 3450 702 3529 patriam
726 3449 794 3511 eius
818 3447 895 3509 dicit
917 3446 1024 3509 XVIII
1041 3478 1077 3515 375

786 3599 788 3604 -
846 3557 934 3638 quod
959 3557 983 3617 si
1008 3557 1065 3619 tibi
1091 3556 1144 3618 dia
1168 3556 1302 3618 Mosella

423 3667 561 3749 Smyrna
583 3689 677 3731 suum
700 3677 807 3730 vatem
831 3666 882 3728 vel
904 3665 1038 3728 Mantua
1061 3666 1145 3728 clara
1169 3666 1310 3730 dedisset

370 3779 497 3858 Opera:
520 3780 611 3843 XVII
634 3781 680 3842 62
705 3779 885 3860 Odyssean,
910 3776 984 3838 XIII
1009 3793 1025 3838 2
1045 3796 1070 3844 ιο
1094 3777 1242 3840 conditor
1264 3776 1390 3839 Iliados.

371 3889 608 3954 Grammaticos
640 3891 694 3972 qui
726 3891 756 3951 in
791 3888 905 3950 studiis
940 3879 1121 3950 Homericis
1156 3889 1272 3950 versati
1311 3886 1373 3950 sint
1408 3888 1550 3950 nominat

263 3995 427 4065 Cratetem
450 4001 624 4075 Mallotam,
649 3999 863 4074 Zenodotum,
888 3997 1112 4061 Aristarchum
1140 4017 1244 4078 neque
1269 3998 1352 4058 male
1377 3999 1418 4059 de
1442 4017 1548 4060 eorum

263 4111 377 4174 studiis
408 4111 590 4175 Homericis
620 4131 655 4174 se
685 4110 821 4191 praebet
848 4108 1009 4171 eruditum
1034 4107 1070 4169 cl.
1096 4109 1132 4170 E.
1159 4108 1264 4173 XVIII
1274 4129 1362 4181 28-30‚
1388 4108 1449 4173 XX
1461 4141 1543 4179 12-13‚

263 4222 340 4289 XVI
369 4239 407 4298 14
422 4255 442 4292 a.

262 4409 472 4430 W*—

374 4517 391 4592 ¹)
413 4518 451 4570 cf.
471 4519 559 4573 scholl,
580 4519 705 4583 Aristoph.
727 4517 794 4567 Nub.
819 4529 893 4583 1417,
