<?xml version="1.0" encoding="UTF-8"?>
<!DOCTYPE html PUBLIC "-//W3C//DTD XHTML 1.0 Transitional//EN"
    "http://www.w3.org/TR/xhtml1/DTD/xhtml1-transitional.dtd">
<html xmlns="http://www.w3.org/1999/xhtml" xml:lang="en" lang="en">
 <head>
  <title>
</title>
<meta http-equiv="Content-Type" content="text/html;charset=utf-8" />
  <meta name='ocr-system' content='tesseract 3.04.00' />
  <meta name='ocr-capabilities' content='ocr_page ocr_carea ocr_par ocr_line ocrx_word'/>
</head>
<body>
  <div class='ocr_page' id='page_1' title='image "./deausonianisstu00stahgoog_0035.png"; bbox 0 0 3296 5224; ppageno 0'>
   <div class='ocr_carea' id='block_1_1' title="bbox 880 405 920 465">
    <p class='ocr_par' dir='ltr' id='par_1_1' title="bbox 880 405 920 465">
     <span class='ocr_line' id='line_1_1' title="bbox 880 405 920 465; baseline -0.025 0"><span class='ocrx_word' id='word_1_1' title='bbox 880 405 920 465; x_wconf 81' lang='lat'>26</span> 
     </span>
    </p>
   </div>
   <div class='ocr_carea' id='block_1_2' title="bbox 803 489 1011 498">
    <p class='ocr_par' dir='ltr' id='par_1_2' title="bbox 803 489 1011 498">
     <span class='ocr_line' id='line_1_2' title="bbox 803 489 1011 498; baseline 0 -2"><span class='ocrx_word' id='word_1_2' title='bbox 803 489 1011 498; x_wconf 72' lang='grc'>...-----.--</span> 
     </span>
    </p>
   </div>
   <div class='ocr_carea' id='block_1_3' title="bbox 259 609 1580 1225">
    <p class='ocr_par' dir='ltr' id='par_1_3' title="bbox 259 609 1580 1225">
     <span class='ocr_line' id='line_1_3' title="bbox 261 609 1580 694; baseline -0.002 -21"><span class='ocrx_word' id='word_1_3' title='bbox 261 610 326 673; x_wconf 87' lang='lat' dir='ltr'>Sed</span> <span class='ocrx_word' id='word_1_4' title='bbox 354 613 384 673; x_wconf 94' lang='lat' dir='ltr'>in</span> <span class='ocrx_word' id='word_1_5' title='bbox 409 613 524 673; x_wconf 91' lang='lat' dir='ltr'>eodem</span> <span class='ocrx_word' id='word_1_6' title='bbox 551 612 699 692; x_wconf 87' lang='lat' dir='ltr'>leguntur</span> <span class='ocrx_word' id='word_1_7' title='bbox 724 611 887 693; x_wconf 87' lang='lat' dir='ltr'>epitaphia</span> <span class='ocrx_word' id='word_1_8' title='bbox 905 611 1042 674; x_wconf 82' lang='lat' dir='ltr'>Achillis</span> <span class='ocrx_word' id='word_1_9' title='bbox 1061 614 1094 694; x_wconf 80' lang='lat'>(4</span> <span class='ocrx_word' id='word_1_10' title='bbox 1111 620 1143 674; x_wconf 91' lang='lat' dir='ltr'>et</span> <span class='ocrx_word' id='word_1_11' title='bbox 1162 625 1176 690; x_wconf 85' lang='lat'><strong>5</strong></span> <span class='ocrx_word' id='word_1_12' title='bbox 1197 609 1431 694; x_wconf 77' lang='lat' dir='ltr'>Schneidewin)</span> <span class='ocrx_word' id='word_1_13' title='bbox 1448 609 1580 672; x_wconf 79' lang='lat' dir='ltr'>Ulixis</span> 
     </span>
     <span class='ocr_line' id='line_1_4' title="bbox 262 721 1580 805; baseline -0.001 -22"><span class='ocrx_word' id='word_1_14' title='bbox 262 725 315 802; x_wconf 87' lang='lat'>(12</span> <span class='ocrx_word' id='word_1_15' title='bbox 341 725 442 805; x_wconf 82' lang='lat' dir='ltr'>et13)</span> <span class='ocrx_word' id='word_1_16' title='bbox 466 721 635 783; x_wconf 88' lang='lat' dir='ltr'>Diomedis</span> <span class='ocrx_word' id='word_1_17' title='bbox 659 725 726 805; x_wconf 81' lang='grc'>(14)</span> <span class='ocrx_word' id='word_1_18' title='bbox 750 721 878 802; x_wconf 86' lang='lat' dir='ltr'>Euryali</span> <span class='ocrx_word' id='word_1_19' title='bbox 903 725 969 805; x_wconf 83' lang='lat'>(35)</span> <span class='ocrx_word' id='word_1_20' title='bbox 993 722 1159 784; x_wconf 84' lang='lat' dir='ltr'>Protesilai</span> <span class='ocrx_word' id='word_1_21' title='bbox 1182 723 1249 802; x_wconf 86' lang='lat'>(49)</span> <span class='ocrx_word' id='word_1_22' title='bbox 1275 721 1425 783; x_wconf 88' lang='lat' dir='ltr'><strong>Hectoris</strong></span> <span class='ocrx_word' id='word_1_23' title='bbox 1449 722 1511 800; x_wconf 88' lang='lat'>(46</span> <span class='ocrx_word' id='word_1_24' title='bbox 1536 733 1580 782; x_wconf 90' lang='lat' dir='ltr'>et</span> 
     </span>
     <span class='ocr_line' id='line_1_5' title="bbox 260 830 1576 916; baseline -0.002 -22"><span class='ocrx_word' id='word_1_25' title='bbox 260 834 316 912; x_wconf 86' lang='lat'>60)</span> <span class='ocrx_word' id='word_1_26' title='bbox 342 830 539 913; x_wconf 83' lang='lat' dir='ltr'>Sarpedonis</span> <span class='ocrx_word' id='word_1_27' title='bbox 563 834 648 912; x_wconf 76' lang='lat'>(53);</span> <span class='ocrx_word' id='word_1_28' title='bbox 675 833 854 894; x_wconf 90' lang='lat' dir='ltr'>eorundem</span> <span class='ocrx_word' id='word_1_29' title='bbox 877 833 1014 912; x_wconf 89' lang='lat' dir='ltr'>legimus</span> <span class='ocrx_word' id='word_1_30' title='bbox 1038 834 1136 894; x_wconf 89' lang='lat' dir='ltr'>nostri</span> <span class='ocrx_word' id='word_1_31' title='bbox 1164 846 1178 909; x_wconf 84' lang='lat'><strong>5</strong></span> <span class='ocrx_word' id='word_1_32' title='bbox 1206 830 1363 916; x_wconf 85' lang='lat' dir='ltr'>(Achillis)</span> <span class='ocrx_word' id='word_1_33' title='bbox 1387 831 1576 914; x_wconf 80' lang='lat' dir='ltr'>6(Ulixis)</span> 
     </span>
     <span class='ocr_line' id='line_1_6' title="bbox 262 941 1574 1024; baseline -0.001 -21"><span class='ocrx_word' id='word_1_34' title='bbox 262 957 278 1022; x_wconf 91' lang='lat'><em>7</em></span> <span class='ocrx_word' id='word_1_35' title='bbox 305 943 501 1024; x_wconf 85' lang='lat' dir='ltr'>(Diomedis)</span> <span class='ocrx_word' id='word_1_36' title='bbox 530 960 561 1002; x_wconf 91' lang='lat'>11</span> <span class='ocrx_word' id='word_1_37' title='bbox 591 942 814 1024; x_wconf 53' lang='lat' dir='ltr'>(Euryali)*13</span> <span class='ocrx_word' id='word_1_38' title='bbox 841 942 1032 1024; x_wconf 77' lang='lat' dir='ltr'>(Protesilai)</span> <span class='ocrx_word' id='word_1_39' title='bbox 1074 956 1108 1021; x_wconf 85' lang='lat'>15</span> <span class='ocrx_word' id='word_1_40' title='bbox 1135 942 1314 1023; x_wconf 85' lang='lat' dir='ltr'>(Hectoris)</span> <span class='ocrx_word' id='word_1_41' title='bbox 1355 958 1390 1021; x_wconf 93' lang='lat'>17</span> <span class='ocrx_word' id='word_1_42' title='bbox 1423 941 1574 1023; x_wconf 76' lang='lat' dir='ltr'>(Sarpe-</span> 
     </span>
     <span class='ocr_line' id='line_1_7' title="bbox 260 1050 1574 1134; baseline -0.003 -19"><span class='ocrx_word' id='word_1_43' title='bbox 260 1053 386 1134; x_wconf 86' lang='lat' dir='ltr'>donis),</span> <span class='ocrx_word' id='word_1_44' title='bbox 428 1073 511 1134; x_wconf 86' lang='lat' dir='ltr'>quae</span> <span class='ocrx_word' id='word_1_45' title='bbox 554 1054 663 1114; x_wconf 84' lang='lat' dir='ltr'>omnia</span> <span class='ocrx_word' id='word_1_46' title='bbox 712 1063 839 1134; x_wconf 91' lang='lat' dir='ltr'>praeter</span> <span class='ocrx_word' id='word_1_47' title='bbox 872 1074 990 1114; x_wconf 91' lang='lat' dir='ltr'>nomen</span> <span class='ocrx_word' id='word_1_48' title='bbox 1029 1053 1070 1113; x_wconf 93' lang='lat' dir='ltr'>nil</span> <span class='ocrx_word' id='word_1_49' title='bbox 1107 1073 1180 1115; x_wconf 89' lang='lat' dir='ltr'>cum</span> <span class='ocrx_word' id='word_1_50' title='bbox 1215 1050 1346 1114; x_wconf 90' lang='lat' dir='ltr'>Graecis</span> <span class='ocrx_word' id='word_1_51' title='bbox 1377 1071 1574 1114; x_wconf 88' lang='lat' dir='ltr'>commune</span> 
     </span>
     <span class='ocr_line' id='line_1_8' title="bbox 259 1164 388 1225; baseline -0.008 -1"><span class='ocrx_word' id='word_1_52' title='bbox 259 1164 388 1225; x_wconf 89' lang='lat' dir='ltr'>habent.</span> 
     </span>
    </p>
   </div>
   <div class='ocr_carea' id='block_1_4' title="bbox 259 1294 1571 1596">
    <p class='ocr_par' dir='ltr' id='par_1_4' title="bbox 259 1294 1571 1596">
     <span class='ocr_line' id='line_1_9' title="bbox 365 1294 1570 1375; baseline -0.001 -19"><span class='ocrx_word' id='word_1_53' title='bbox 365 1295 478 1375; x_wconf 88' lang='lat' dir='ltr'>Itaque</span> <span class='ocrx_word' id='word_1_54' title='bbox 502 1296 602 1356; x_wconf 91' lang='lat' dir='ltr'>oritur</span> <span class='ocrx_word' id='word_1_55' title='bbox 637 1295 794 1374; x_wconf 86' lang='lat' dir='ltr'>quaestio,</span> <span class='ocrx_word' id='word_1_56' title='bbox 830 1313 907 1354; x_wconf 91' lang='lat' dir='ltr'>num</span> <span class='ocrx_word' id='word_1_57' title='bbox 937 1314 978 1354; x_wconf 88' lang='lat' dir='ltr'>ex</span> <span class='ocrx_word' id='word_1_58' title='bbox 1009 1294 1058 1354; x_wconf 89' lang='lat' dir='ltr'>his</span> <span class='ocrx_word' id='word_1_59' title='bbox 1082 1294 1267 1356; x_wconf 82' lang='lat' dir='ltr'>differentiis</span> <span class='ocrx_word' id='word_1_60' title='bbox 1292 1295 1570 1356; x_wconf 89' lang='lat' dir='ltr'>concludendum</span> 
     </span>
     <span class='ocr_line' id='line_1_10' title="bbox 259 1403 1571 1486; baseline -0.002 -20"><span class='ocrx_word' id='word_1_61' title='bbox 259 1405 300 1466; x_wconf 86' lang='lat' dir='ltr'>sit</span> <span class='ocrx_word' id='word_1_62' title='bbox 325 1406 356 1465; x_wconf 93' lang='lat' dir='ltr'>in</span> <span class='ocrx_word' id='word_1_63' title='bbox 381 1404 438 1465; x_wconf 89' lang='lat' dir='ltr'>illis</span> <span class='ocrx_word' id='word_1_64' title='bbox 463 1404 637 1486; x_wconf 84' lang='lat' dir='ltr'>epitaphiis</span> <span class='ocrx_word' id='word_1_65' title='bbox 674 1404 773 1466; x_wconf 87' lang='lat' dir='ltr'>latere</span> <span class='ocrx_word' id='word_1_66' title='bbox 808 1403 944 1482; x_wconf 88' lang='lat' dir='ltr'>vestigia</span> <span class='ocrx_word' id='word_1_67' title='bbox 979 1405 1113 1465; x_wconf 91' lang='lat' dir='ltr'>aliorum</span> <span class='ocrx_word' id='word_1_68' title='bbox 1150 1405 1423 1486; x_wconf 82' lang='lat' dir='ltr'>epigrammatum</span> <span class='ocrx_word' id='word_1_69' title='bbox 1454 1415 1571 1486; x_wconf 87' lang='lat' dir='ltr'>atque</span> 
     </span>
     <span class='ocr_line' id='line_1_11' title="bbox 259 1513 1312 1596; baseline 0.001 -18"><span class='ocrx_word' id='word_1_70' title='bbox 259 1537 344 1578; x_wconf 90' lang='lat' dir='ltr'>nunc</span> <span class='ocrx_word' id='word_1_71' title='bbox 370 1517 400 1578; x_wconf 90' lang='lat' dir='ltr'>in</span> <span class='ocrx_word' id='word_1_72' title='bbox 424 1515 525 1595; x_wconf 90' lang='lat' dir='ltr'>Peplo</span> <span class='ocrx_word' id='word_1_73' title='bbox 550 1515 704 1596; x_wconf 82' lang='lat' dir='ltr'>legantur.</span> <span class='ocrx_word' id='word_1_74' title='bbox 744 1513 842 1593; x_wconf 79' lang='lat' dir='ltr'>Quod</span> <span class='ocrx_word' id='word_1_75' title='bbox 867 1533 931 1593; x_wconf 88' lang='lat' dir='ltr'>ego</span> <span class='ocrx_word' id='word_1_76' title='bbox 955 1533 1076 1594; x_wconf 87' lang='lat' dir='ltr'>negare</span> <span class='ocrx_word' id='word_1_77' title='bbox 1101 1535 1164 1576; x_wconf 91' lang='lat' dir='ltr'>non</span> <span class='ocrx_word' id='word_1_78' title='bbox 1189 1515 1312 1579; x_wconf 84' lang='lat' dir='ltr'>dubito.</span> 
     </span>
    </p>
   </div>
   <div class='ocr_carea' id='block_1_5' title="bbox 258 1646 1570 1948">
    <p class='ocr_par' dir='ltr' id='par_1_5' title="bbox 258 1646 1570 1948">
     <span class='ocr_line' id='line_1_12' title="bbox 365 1646 1570 1727; baseline -0.002 -19"><span class='ocrx_word' id='word_1_79' title='bbox 365 1647 449 1708; x_wconf 91' lang='lat' dir='ltr'>Nam</span> <span class='ocrx_word' id='word_1_80' title='bbox 464 1647 490 1708; x_wconf 92' lang='lat' dir='ltr'>si</span> <span class='ocrx_word' id='word_1_81' title='bbox 507 1647 575 1709; x_wconf 89' lang='lat' dir='ltr'>eius</span> <span class='ocrx_word' id='word_1_82' title='bbox 592 1646 717 1726; x_wconf 91' lang='lat' dir='ltr'>generis</span> <span class='ocrx_word' id='word_1_83' title='bbox 734 1647 822 1726; x_wconf 91' lang='lat' dir='ltr'>quod</span> <span class='ocrx_word' id='word_1_84' title='bbox 839 1646 1008 1727; x_wconf 84' lang='lat' dir='ltr'>posuimus</span> <span class='ocrx_word' id='word_1_85' title='bbox 1025 1647 1165 1724; x_wconf 90' lang='lat' dir='ltr'>primum</span> <span class='ocrx_word' id='word_1_86' title='bbox 1187 1647 1351 1727; x_wconf 88' lang='lat' dir='ltr'>epitaphia</span> <span class='ocrx_word' id='word_1_87' title='bbox 1364 1646 1570 1708; x_wconf 82' lang='lat' dir='ltr'>Ausoniana</span> 
     </span>
     <span class='ocr_line' id='line_1_13' title="bbox 259 1757 1567 1830; baseline 0.001 -13"><span class='ocrx_word' id='word_1_88' title='bbox 259 1757 429 1830; x_wconf 89' lang='lat' dir='ltr'>intuemur,</span> <span class='ocrx_word' id='word_1_89' title='bbox 464 1757 611 1817; x_wconf 86' lang='lat' dir='ltr'>videmus</span> <span class='ocrx_word' id='word_1_90' title='bbox 636 1765 779 1818; x_wconf 89' lang='lat' dir='ltr'>nostrum</span> <span class='ocrx_word' id='word_1_91' title='bbox 804 1765 854 1818; x_wconf 87' lang='lat' dir='ltr'>tot</span> <span class='ocrx_word' id='word_1_92' title='bbox 877 1777 926 1818; x_wconf 88' lang='lat' dir='ltr'>res</span> <span class='ocrx_word' id='word_1_93' title='bbox 961 1766 1016 1819; x_wconf 90' lang='lat' dir='ltr'>aut</span> <span class='ocrx_word' id='word_1_94' title='bbox 1049 1767 1190 1818; x_wconf 89' lang='lat' dir='ltr'>mutasse</span> <span class='ocrx_word' id='word_1_95' title='bbox 1221 1767 1276 1819; x_wconf 91' lang='lat' dir='ltr'>aut</span> <span class='ocrx_word' id='word_1_96' title='bbox 1309 1757 1479 1828; x_wconf 88' lang='lat' dir='ltr'>addidisse,</span> <span class='ocrx_word' id='word_1_97' title='bbox 1524 1768 1567 1818; x_wconf 91' lang='lat' dir='ltr'>ut</span> 
     </span>
     <span class='ocr_line' id='line_1_14' title="bbox 258 1865 1563 1948; baseline 0.002 -20"><span class='ocrx_word' id='word_1_98' title='bbox 258 1868 434 1929; x_wconf 88' lang='lat' dir='ltr'>identidem</span> <span class='ocrx_word' id='word_1_99' title='bbox 474 1865 666 1948; x_wconf 86' lang='lat' dir='ltr'>exemplaris</span> <span class='ocrx_word' id='word_1_100' title='bbox 696 1867 832 1946; x_wconf 88' lang='lat' dir='ltr'>vestigia</span> <span class='ocrx_word' id='word_1_101' title='bbox 870 1886 975 1946; x_wconf 89' lang='lat' dir='ltr'>paene</span> <span class='ocrx_word' id='word_1_102' title='bbox 1021 1867 1197 1928; x_wconf 91' lang='lat' dir='ltr'>obruantur</span> <span class='ocrx_word' id='word_1_103' title='bbox 1238 1868 1288 1928; x_wconf 91' lang='lat' dir='ltr'>vel</span> <span class='ocrx_word' id='word_1_104' title='bbox 1331 1868 1563 1932; x_wconf 88' lang='lat' dir='ltr'>obscurentur.</span> 
     </span>
    </p>
   </div>
   <div class='ocr_carea' id='block_1_6' title="bbox 256 1997 1564 2635">
    <p class='ocr_par' dir='ltr' id='par_1_6' title="bbox 256 1997 1564 2635">
     <span class='ocr_line' id='line_1_15' title="bbox 365 1997 1564 2079; baseline -0.001 -19"><span class='ocrx_word' id='word_1_105' title='bbox 365 1997 508 2060; x_wconf 92' lang='lat' dir='ltr'>Omnino</span> <span class='ocrx_word' id='word_1_106' title='bbox 533 1997 582 2060; x_wconf 91' lang='lat' dir='ltr'>ille</span> <span class='ocrx_word' id='word_1_107' title='bbox 607 2017 760 2077; x_wconf 83' lang='lat' dir='ltr'>graecam</span> <span class='ocrx_word' id='word_1_108' title='bbox 782 1999 973 2060; x_wconf 89' lang='lat' dir='ltr'>tenuitatem</span> <span class='ocrx_word' id='word_1_109' title='bbox 991 2007 1189 2079; x_wconf 83' lang='lat' dir='ltr'>aspernatur,</span> <span class='ocrx_word' id='word_1_110' title='bbox 1216 2008 1248 2060; x_wconf 91' lang='lat' dir='ltr'>et</span> <span class='ocrx_word' id='word_1_111' title='bbox 1264 2019 1336 2060; x_wconf 90' lang='lat' dir='ltr'>cum</span> <span class='ocrx_word' id='word_1_112' title='bbox 1355 1997 1406 2059; x_wconf 90' lang='lat' dir='ltr'>illa</span> <span class='ocrx_word' id='word_1_113' title='bbox 1420 1998 1564 2079; x_wconf 88' lang='lat' dir='ltr'>quidem</span> 
     </span>
     <span class='ocr_line' id='line_1_16' title="bbox 259 2107 1563 2188; baseline 0.001 -19"><span class='ocrx_word' id='word_1_114' title='bbox 259 2117 385 2188; x_wconf 89' lang='lat' dir='ltr'>praeter</span> <span class='ocrx_word' id='word_1_115' title='bbox 407 2129 502 2168; x_wconf 91' lang='lat' dir='ltr'>unum</span> <span class='ocrx_word' id='word_1_116' title='bbox 526 2107 636 2169; x_wconf 87' lang='lat' dir='ltr'>Aiacis</span> <span class='ocrx_word' id='word_1_117' title='bbox 661 2108 753 2168; x_wconf 90' lang='lat' dir='ltr'>unius</span> <span class='ocrx_word' id='word_1_118' title='bbox 779 2107 905 2169; x_wconf 91' lang='lat' dir='ltr'>distichi</span> <span class='ocrx_word' id='word_1_119' title='bbox 930 2110 1003 2182; x_wconf 88' lang='lat' dir='ltr'>sint,</span> <span class='ocrx_word' id='word_1_120' title='bbox 1036 2109 1227 2170; x_wconf 79' lang='lat' dir='ltr'>Ausoniana</span> <span class='ocrx_word' id='word_1_121' title='bbox 1250 2108 1439 2188; x_wconf 89' lang='lat' dir='ltr'>plerumque</span> <span class='ocrx_word' id='word_1_122' title='bbox 1476 2120 1563 2170; x_wconf 89' lang='lat' dir='ltr'>sunt</span> 
     </span>
     <span class='ocr_line' id='line_1_17' title="bbox 258 2218 1561 2298; baseline -0.001 -19"><span class='ocrx_word' id='word_1_123' title='bbox 258 2227 431 2282; x_wconf 90' lang='lat' dir='ltr'>ternorum.</span> <span class='ocrx_word' id='word_1_124' title='bbox 480 2219 566 2298; x_wconf 77' lang='lat' dir='ltr'>Quid</span> <span class='ocrx_word' id='word_1_125' title='bbox 590 2219 706 2278; x_wconf 90' lang='lat' dir='ltr'>mirum</span> <span class='ocrx_word' id='word_1_126' title='bbox 731 2238 819 2298; x_wconf 83' lang='lat' dir='ltr'>erg0,</span> <span class='ocrx_word' id='word_1_127' title='bbox 855 2219 881 2277; x_wconf 89' lang='lat' dir='ltr'>si</span> <span class='ocrx_word' id='word_1_128' title='bbox 905 2218 955 2279; x_wconf 93' lang='lat' dir='ltr'>hic</span> <span class='ocrx_word' id='word_1_129' title='bbox 988 2219 1047 2280; x_wconf 93' lang='lat' dir='ltr'>illic</span> <span class='ocrx_word' id='word_1_130' title='bbox 1083 2219 1158 2280; x_wconf 84' lang='lat' dir='ltr'>nihil</span> <span class='ocrx_word' id='word_1_131' title='bbox 1195 2219 1252 2279; x_wconf 87' lang='lat' dir='ltr'>nisi</span> <span class='ocrx_word' id='word_1_132' title='bbox 1289 2238 1407 2280; x_wconf 89' lang='lat' dir='ltr'>nomen</span> <span class='ocrx_word' id='word_1_133' title='bbox 1443 2219 1561 2280; x_wconf 89' lang='lat' dir='ltr'>herois</span> 
     </span>
     <span class='ocr_line' id='line_1_18' title="bbox 258 2327 1559 2409; baseline 0.001 -20"><span class='ocrx_word' id='word_1_134' title='bbox 258 2329 383 2400; x_wconf 89' lang='lat' dir='ltr'>mansit,</span> <span class='ocrx_word' id='word_1_135' title='bbox 409 2338 516 2390; x_wconf 88' lang='lat' dir='ltr'>cetera</span> <span class='ocrx_word' id='word_1_136' title='bbox 540 2329 581 2390; x_wconf 86' lang='lat' dir='ltr'>ab</span> <span class='ocrx_word' id='word_1_137' title='bbox 606 2328 755 2389; x_wconf 85' lang='lat' dir='ltr'>Ausonio</span> <span class='ocrx_word' id='word_1_138' title='bbox 780 2327 889 2388; x_wconf 90' lang='lat' dir='ltr'>addita</span> <span class='ocrx_word' id='word_1_139' title='bbox 911 2337 986 2388; x_wconf 90' lang='lat' dir='ltr'>sunt</span> <span class='ocrx_word' id='word_1_140' title='bbox 1008 2339 1062 2390; x_wconf 86' lang='lat' dir='ltr'>aut</span> <span class='ocrx_word' id='word_1_141' title='bbox 1087 2329 1214 2390; x_wconf 91' lang='lat' dir='ltr'>aliunde</span> <span class='ocrx_word' id='word_1_142' title='bbox 1239 2330 1392 2409; x_wconf 88' lang='lat' dir='ltr'>decerpta</span> <span class='ocrx_word' id='word_1_143' title='bbox 1426 2339 1480 2390; x_wconf 92' lang='lat' dir='ltr'>aut</span> <span class='ocrx_word' id='word_1_144' title='bbox 1512 2330 1559 2390; x_wconf 91' lang='lat' dir='ltr'>ab</span> 
     </span>
     <span class='ocr_line' id='line_1_19' title="bbox 257 2437 1555 2521; baseline 0.002 -22"><span class='ocrx_word' id='word_1_145' title='bbox 257 2440 328 2519; x_wconf 89' lang='lat' dir='ltr'>ipso</span> <span class='ocrx_word' id='word_1_146' title='bbox 342 2438 548 2518; x_wconf 82' lang='lat' dir='ltr'>excogitata?</span> <span class='ocrx_word' id='word_1_147' title='bbox 561 2439 598 2500; x_wconf 90' lang='lat' dir='ltr'>E.</span> <span class='ocrx_word' id='word_1_148' title='bbox 616 2459 647 2518; x_wconf 90' lang='lat' dir='ltr'>g.</span> <span class='ocrx_word' id='word_1_149' title='bbox 665 2437 745 2499; x_wconf 83' lang='lat' dir='ltr'>Ans,</span> <span class='ocrx_word' id='word_1_150' title='bbox 761 2438 850 2500; x_wconf 91' lang='lat' dir='ltr'>XVII</span> <span class='ocrx_word' id='word_1_151' title='bbox 867 2453 883 2517; x_wconf 87' lang='lat'><strong><em>7</em></strong></span> <span class='ocrx_word' id='word_1_152' title='bbox 899 2439 1067 2500; x_wconf 89' lang='lat' dir='ltr'>Diomedis</span> <span class='ocrx_word' id='word_1_153' title='bbox 1088 2443 1173 2520; x_wconf 90' lang='lat' dir='ltr'>sapit</span> <span class='ocrx_word' id='word_1_154' title='bbox 1186 2440 1364 2501; x_wconf 90' lang='lat' dir='ltr'>Homerum</span> <span class='ocrx_word' id='word_1_155' title='bbox 1376 2439 1421 2521; x_wconf 82' lang='grc' dir='ltr'>(ΙΙ,</span> <span class='ocrx_word' id='word_1_156' title='bbox 1432 2439 1476 2501; x_wconf 95' lang='lat' dir='ltr'>IV</span> <span class='ocrx_word' id='word_1_157' title='bbox 1486 2455 1532 2514; x_wconf 85' lang='lat'>40</span> <span class='ocrx_word' id='word_1_158' title='bbox 1539 2453 1555 2518; x_wconf 92' lang='grc'>5</span> 
     </span>
     <span class='ocr_line' id='line_1_20' title="bbox 256 2547 1556 2635; baseline 0.002 -25"><span class='ocrx_word' id='word_1_159' title='bbox 256 2571 285 2610; x_wconf 89' lang='lat' dir='ltr'>v.</span> <span class='ocrx_word' id='word_1_160' title='bbox 301 2570 330 2630; x_wconf 88' lang='lat' dir='ltr'>p.</span> <span class='ocrx_word' id='word_1_161' title='bbox 347 2551 407 2631; x_wconf 91' lang='grc'>11).</span> <span class='ocrx_word' id='word_1_162' title='bbox 432 2558 463 2611; x_wconf 94' lang='lat' dir='ltr'>et</span> <span class='ocrx_word' id='word_1_163' title='bbox 487 2549 666 2629; x_wconf 86' lang='lat' dir='ltr'>Vergilium</span> <span class='ocrx_word' id='word_1_164' title='bbox 681 2547 777 2630; x_wconf 81' lang='lat' dir='ltr'>(Aen.</span> <span class='ocrx_word' id='word_1_165' title='bbox 795 2548 1025 2635; x_wconf 83' lang='lat' dir='ltr'>X1245-5o).</span> <span class='ocrx_word' id='word_1_166' title='bbox 1054 2590 1093 2598; x_wconf 86' lang='lat'><em>-</em></span> <span class='ocrx_word' id='word_1_167' title='bbox 1117 2553 1195 2613; x_wconf 81' lang='lat' dir='ltr'>Ans</span> <span class='ocrx_word' id='word_1_168' title='bbox 1214 2550 1304 2612; x_wconf 85' lang='lat' dir='ltr'>XVII</span> <span class='ocrx_word' id='word_1_169' title='bbox 1321 2549 1456 2613; x_wconf 72' lang='lat' dir='ltr'>6Uliris</span> <span class='ocrx_word' id='word_1_170' title='bbox 1473 2571 1500 2610; x_wconf 92' lang='lat' dir='ltr'>v.</span> <span class='ocrx_word' id='word_1_171' title='bbox 1525 2567 1556 2615; x_wconf 90' lang='lat'>2.</span> 
     </span>
    </p>
   </div>
   <div class='ocr_carea' id='block_1_7' title="bbox 256 2658 1556 3182">
    <p class='ocr_par' dir='ltr' id='par_1_7' title="bbox 256 2658 1556 3182">
     <span class='ocr_line' id='line_1_21' title="bbox 417 2658 1182 2741; baseline 0.004 -21"><span class='ocrx_word' id='word_1_172' title='bbox 417 2659 569 2741; x_wconf 89' lang='lat' dir='ltr'>„perlege</span> <span class='ocrx_word' id='word_1_173' title='bbox 593 2658 762 2740; x_wconf 86' lang='lat' dir='ltr'>Odyssean</span> <span class='ocrx_word' id='word_1_174' title='bbox 787 2661 894 2721; x_wconf 91' lang='lat' dir='ltr'>omnia</span> <span class='ocrx_word' id='word_1_175' title='bbox 918 2680 1014 2722; x_wconf 81' lang='lat' dir='ltr'>nosse</span> <span class='ocrx_word' id='word_1_176' title='bbox 1049 2661 1182 2724; x_wconf 71' lang='lat' dir='ltr'>volensu</span> 
     </span>
     <span class='ocr_line' id='line_1_22' title="bbox 256 2769 1556 2853; baseline 0 -23"><span class='ocrx_word' id='word_1_177' title='bbox 256 2772 315 2852; x_wconf 92' lang='lat' dir='ltr'>ipsi</span> <span class='ocrx_word' id='word_1_178' title='bbox 339 2771 486 2833; x_wconf 86' lang='lat' dir='ltr'>Ausonio</span> <span class='ocrx_word' id='word_1_179' title='bbox 502 2770 629 2832; x_wconf 91' lang='lat' dir='ltr'>videtur</span> <span class='ocrx_word' id='word_1_180' title='bbox 653 2770 781 2853; x_wconf 86' lang='lat' dir='ltr'>deberi;</span> <span class='ocrx_word' id='word_1_181' title='bbox 796 2769 932 2833; x_wconf 85' lang='lat' dir='ltr'>fortasse</span> <span class='ocrx_word' id='word_1_182' title='bbox 950 2773 1026 2834; x_wconf 84' lang='lat' dir='ltr'>nus.</span> <span class='ocrx_word' id='word_1_183' title='bbox 1050 2772 1140 2834; x_wconf 91' lang='lat' dir='ltr'>XVII</span> <span class='ocrx_word' id='word_1_184' title='bbox 1161 2785 1197 2851; x_wconf 79' lang='lat'>54</span> <span class='ocrx_word' id='word_1_185' title='bbox 1226 2771 1372 2832; x_wconf 88' lang='lat' dir='ltr'>similiter</span> <span class='ocrx_word' id='word_1_186' title='bbox 1396 2772 1435 2832; x_wconf 92' lang='lat' dir='ltr'>de</span> <span class='ocrx_word' id='word_1_187' title='bbox 1452 2771 1556 2832; x_wconf 90' lang='lat' dir='ltr'>Iliade</span> 
     </span>
     <span class='ocr_line' id='line_1_23' title="bbox 257 2879 1554 2963; baseline 0.001 -22"><span class='ocrx_word' id='word_1_188' title='bbox 257 2901 363 2942; x_wconf 90' lang='lat' dir='ltr'>sermo</span> <span class='ocrx_word' id='word_1_189' title='bbox 395 2890 472 2942; x_wconf 90' lang='lat' dir='ltr'>erat.</span> <span class='ocrx_word' id='word_1_190' title='bbox 508 2916 547 2926; x_wconf 89' lang='lat'><em>-</em></span> <span class='ocrx_word' id='word_1_191' title='bbox 580 2879 658 2940; x_wconf 79' lang='lat' dir='ltr'>Ans</span> <span class='ocrx_word' id='word_1_192' title='bbox 696 2880 786 2942; x_wconf 87' lang='lat' dir='ltr'>XVII</span> <span class='ocrx_word' id='word_1_193' title='bbox 831 2897 882 2957; x_wconf 78' lang='lat'>13:</span> <span class='ocrx_word' id='word_1_194' title='bbox 920 2883 1060 2963; x_wconf 91' lang='lat' dir='ltr'>primum</span> <span class='ocrx_word' id='word_1_195' title='bbox 1101 2890 1133 2943; x_wconf 86' lang='lat' dir='ltr'>et</span> <span class='ocrx_word' id='word_1_196' title='bbox 1170 2892 1351 2944; x_wconf 86' lang='lat' dir='ltr'>extremum</span> <span class='ocrx_word' id='word_1_197' title='bbox 1390 2881 1554 2942; x_wconf 91' lang='lat' dir='ltr'>distichon</span> 
     </span>
     <span class='ocr_line' id='line_1_24' title="bbox 257 2988 1552 3074; baseline 0 -22"><span class='ocrx_word' id='word_1_198' title='bbox 257 2990 394 3052; x_wconf 80' lang='lat' dir='ltr'>Ausonii</span> <span class='ocrx_word' id='word_1_199' title='bbox 419 2989 575 3061; x_wconf 88' lang='lat' dir='ltr'>videntur,</span> <span class='ocrx_word' id='word_1_200' title='bbox 603 2988 642 3051; x_wconf 85' lang='lat' dir='ltr'>cl.</span> <span class='ocrx_word' id='word_1_201' title='bbox 667 3012 694 3056; x_wconf 85' lang='lat' dir='ltr'>e.</span> <span class='ocrx_word' id='word_1_202' title='bbox 736 3007 854 3070; x_wconf 78' lang='lat'>¹9³-63</span> <span class='ocrx_word' id='word_1_203' title='bbox 892 3002 998 3053; x_wconf 90' lang='lat' dir='ltr'>cetera</span> <span class='ocrx_word' id='word_1_204' title='bbox 1022 2991 1186 3074; x_wconf 84' lang='lat' dir='ltr'>vulgatam</span> <span class='ocrx_word' id='word_1_205' title='bbox 1210 2992 1378 3054; x_wconf 91' lang='lat' dir='ltr'>historiam</span> <span class='ocrx_word' id='word_1_206' title='bbox 1402 2992 1552 3064; x_wconf 90' lang='lat' dir='ltr'>reddunt,</span> 
     </span>
     <span class='ocr_line' id='line_1_25' title="bbox 257 3100 1554 3182; baseline -0.002 -19"><span class='ocrx_word' id='word_1_207' title='bbox 257 3100 296 3167; x_wconf 87' lang='lat' dir='ltr'>cf.</span> <span class='ocrx_word' id='word_1_208' title='bbox 321 3101 380 3166; x_wconf 89' lang='lat' dir='ltr'>Ov.</span> <span class='ocrx_word' id='word_1_209' title='bbox 406 3101 482 3162; x_wconf 89' lang='lat' dir='ltr'>Her.</span> <span class='ocrx_word' id='word_1_210' title='bbox 508 3101 606 3168; x_wconf 80' lang='lat' dir='ltr'>Xll90</span> <span class='ocrx_word' id='word_1_211' title='bbox 628 3122 728 3182; x_wconf 65' lang='lat' dir='ltr'>seqq,</span> <span class='ocrx_word' id='word_1_212' title='bbox 756 3101 853 3182; x_wconf 89' lang='lat' dir='ltr'>Verg.</span> <span class='ocrx_word' id='word_1_213' title='bbox 878 3102 959 3163; x_wconf 80' lang='lat' dir='ltr'>Aen.</span> <span class='ocrx_word' id='word_1_214' title='bbox 985 3103 1052 3167; x_wconf 71' lang='lat'>1190</span> <span class='ocrx_word' id='word_1_215' title='bbox 1076 3141 1110 3149; x_wconf 88' lang='lat'>—-</span> <span class='ocrx_word' id='word_1_216' title='bbox 1144 3103 1219 3167; x_wconf 78' lang='lat' dir='ltr'>Aus</span> <span class='ocrx_word' id='word_1_217' title='bbox 1244 3102 1335 3164; x_wconf 92' lang='lat' dir='ltr'>XVII</span> <span class='ocrx_word' id='word_1_218' title='bbox 1349 3123 1389 3170; x_wconf 81' lang='lat'>17:</span> <span class='ocrx_word' id='word_1_219' title='bbox 1415 3123 1554 3164; x_wconf 91' lang='lat' dir='ltr'>acumen</span> 
     </span>
    </p>
   </div>
   <div class='ocr_carea' id='block_1_8' title="bbox 258 3211 1040 3291">
    <p class='ocr_par' dir='ltr' id='par_1_8' title="bbox 258 3211 1040 3291">
     <span class='ocr_line' id='line_1_26' title="bbox 258 3211 1040 3291; baseline 0.008 -18"><span class='ocrx_word' id='word_1_220' title='bbox 258 3213 355 3274; x_wconf 89' lang='lat' dir='ltr'>etiam</span> <span class='ocrx_word' id='word_1_221' title='bbox 378 3213 429 3273; x_wconf 94' lang='lat' dir='ltr'>hic</span> <span class='ocrx_word' id='word_1_222' title='bbox 454 3211 589 3273; x_wconf 85' lang='lat' dir='ltr'>Ausonii</span> <span class='ocrx_word' id='word_1_223' title='bbox 613 3213 757 3291; x_wconf 64' lang='lat' dir='ltr'>videtur,</span> <span class='ocrx_word' id='word_1_224' title='bbox 781 3211 874 3274; x_wconf 80' lang='lat' dir='ltr'>cl&#39;Il.</span> <span class='ocrx_word' id='word_1_225' title='bbox 899 3212 975 3275; x_wconf 91' lang='lat' dir='ltr'>XVI</span> <span class='ocrx_word' id='word_1_226' title='bbox 988 3241 1040 3280; x_wconf 71' lang='lat'>459.</span> 
     </span>
    </p>
   </div>
   <div class='ocr_carea' id='block_1_9' title="bbox 255 3343 1551 4333">
    <p class='ocr_par' dir='ltr' id='par_1_9' title="bbox 255 3343 1551 4200">
     <span class='ocr_line' id='line_1_27' title="bbox 362 3343 1550 3426; baseline 0.002 -22"><span class='ocrx_word' id='word_1_227' title='bbox 362 3343 488 3404; x_wconf 90' lang='lat' dir='ltr'>Eadem</span> <span class='ocrx_word' id='word_1_228' title='bbox 521 3364 618 3406; x_wconf 86' lang='lat' dir='ltr'>causa</span> <span class='ocrx_word' id='word_1_229' title='bbox 654 3346 694 3406; x_wconf 93' lang='lat' dir='ltr'>de</span> <span class='ocrx_word' id='word_1_230' title='bbox 726 3347 821 3408; x_wconf 92' lang='lat' dir='ltr'>tertio</span> <span class='ocrx_word' id='word_1_231' title='bbox 846 3356 957 3408; x_wconf 90' lang='lat' dir='ltr'>nostro</span> <span class='ocrx_word' id='word_1_232' title='bbox 980 3367 1099 3426; x_wconf 89' lang='lat' dir='ltr'>genere</span> <span class='ocrx_word' id='word_1_233' title='bbox 1124 3345 1198 3406; x_wconf 93' lang='lat' dir='ltr'>nihil</span> <span class='ocrx_word' id='word_1_234' title='bbox 1221 3346 1297 3406; x_wconf 92' lang='lat' dir='ltr'>certi</span> <span class='ocrx_word' id='word_1_235' title='bbox 1331 3346 1550 3418; x_wconf 90' lang='lat' dir='ltr'>statuendum,</span> 
     </span>
     <span class='ocr_line' id='line_1_28' title="bbox 257 3453 1551 3538; baseline 0 -22"><span class='ocrx_word' id='word_1_236' title='bbox 257 3463 393 3535; x_wconf 89' lang='lat' dir='ltr'>possunt</span> <span class='ocrx_word' id='word_1_237' title='bbox 430 3454 515 3514; x_wconf 90' lang='lat' dir='ltr'>enim</span> <span class='ocrx_word' id='word_1_238' title='bbox 551 3475 662 3516; x_wconf 91' lang='lat' dir='ltr'>eorum</span> <span class='ocrx_word' id='word_1_239' title='bbox 698 3455 848 3538; x_wconf 87' lang='lat' dir='ltr'>exempla</span> <span class='ocrx_word' id='word_1_240' title='bbox 884 3471 939 3518; x_wconf 89' lang='lat' dir='ltr'>ant</span> <span class='ocrx_word' id='word_1_241' title='bbox 975 3477 1138 3536; x_wconf 90' lang='lat' dir='ltr'>nunqnam</span> <span class='ocrx_word' id='word_1_242' title='bbox 1163 3453 1287 3517; x_wconf 90' lang='lat' dir='ltr'>Graece</span> <span class='ocrx_word' id='word_1_243' title='bbox 1317 3456 1471 3526; x_wconf 87' lang='lat' dir='ltr'>extitisse,</span> <span class='ocrx_word' id='word_1_244' title='bbox 1495 3466 1551 3516; x_wconf 90' lang='lat' dir='ltr'>aut</span> 
     </span>
     <span class='ocr_line' id='line_1_29' title="bbox 257 3562 1549 3652; baseline 0.002 -28"><span class='ocrx_word' id='word_1_245' title='bbox 257 3602 298 3609; x_wconf 75' lang='grc'><strong>-</strong></span> <span class='ocrx_word' id='word_1_246' title='bbox 320 3565 345 3624; x_wconf 93' lang='lat' dir='ltr'>si</span> <span class='ocrx_word' id='word_1_247' title='bbox 371 3562 497 3627; x_wconf 88' lang='lat' dir='ltr'>luerunt</span> <span class='ocrx_word' id='word_1_248' title='bbox 525 3603 560 3610; x_wconf 81' lang='lat'>--</span> <span class='ocrx_word' id='word_1_249' title='bbox 595 3575 662 3627; x_wconf 88' lang='lat' dir='ltr'>tam</span> <span class='ocrx_word' id='word_1_250' title='bbox 695 3567 793 3628; x_wconf 88' lang='lat' dir='ltr'>libere</span> <span class='ocrx_word' id='word_1_251' title='bbox 822 3568 864 3629; x_wconf 88' lang='lat' dir='ltr'>ab</span> <span class='ocrx_word' id='word_1_252' title='bbox 888 3567 1038 3628; x_wconf 83' lang='lat' dir='ltr'>Ausonio</span> <span class='ocrx_word' id='word_1_253' title='bbox 1070 3568 1100 3627; x_wconf 89' lang='lat' dir='ltr'>in</span> <span class='ocrx_word' id='word_1_254' title='bbox 1125 3587 1218 3628; x_wconf 90' lang='lat' dir='ltr'>suum</span> <span class='ocrx_word' id='word_1_255' title='bbox 1243 3563 1452 3652; x_wconf 40' lang='lat' dir='ltr'>usumgversa</span> <span class='ocrx_word' id='word_1_256' title='bbox 1479 3585 1549 3627; x_wconf 88' lang='lat' dir='ltr'>esse</span> 
     </span>
     <span class='ocr_line' id='line_1_30' title="bbox 256 3676 1548 3757; baseline 0.001 -22"><span class='ocrx_word' id='word_1_257' title='bbox 256 3693 352 3753; x_wconf 89' lang='lat' dir='ltr'>quam</span> <span class='ocrx_word' id='word_1_258' title='bbox 377 3713 419 3722; x_wconf 84' lang='lat'>-</span> <span class='ocrx_word' id='word_1_259' title='bbox 443 3676 563 3757; x_wconf 90' lang='lat' dir='ltr'>reliqua</span> <span class='ocrx_word' id='word_1_260' title='bbox 600 3677 753 3739; x_wconf 84' lang='lat' dir='ltr'>uidemus¹</span> <span class='ocrx_word' id='word_1_261' title='bbox 804 3679 931 3739; x_wconf 83' lang='lat' dir='ltr'>Etenim</span> <span class='ocrx_word' id='word_1_262' title='bbox 954 3678 1088 3738; x_wconf 91' lang='lat' dir='ltr'>aliorum</span> <span class='ocrx_word' id='word_1_263' title='bbox 1119 3687 1291 3756; x_wconf 89' lang='lat' dir='ltr'>poetarum</span> <span class='ocrx_word' id='word_1_264' title='bbox 1318 3676 1453 3755; x_wconf 90' lang='lat' dir='ltr'>vestigia</span> <span class='ocrx_word' id='word_1_265' title='bbox 1485 3695 1548 3736; x_wconf 90' lang='lat' dir='ltr'>non</span> 
     </span>
     <span class='ocr_line' id='line_1_31' title="bbox 255 3783 1548 3874; baseline 0 -28"><span class='ocrx_word' id='word_1_266' title='bbox 255 3786 359 3847; x_wconf 90' lang='lat' dir='ltr'>minus</span> <span class='ocrx_word' id='word_1_267' title='bbox 382 3787 495 3848; x_wconf 88' lang='lat' dir='ltr'>crebro</span> <span class='ocrx_word' id='word_1_268' title='bbox 520 3789 738 3850; x_wconf 87' lang='lat' dir='ltr'>inveniuntur:</span> <span class='ocrx_word' id='word_1_269' title='bbox 764 3788 896 3849; x_wconf 89' lang='lat' dir='ltr'>Homeri</span> <span class='ocrx_word' id='word_1_270' title='bbox 921 3789 1132 3874; x_wconf 34' lang='lat' dir='ltr'>etdEuripidiS</span> <span class='ocrx_word' id='word_1_271' title='bbox 1149 3789 1186 3870; x_wconf 86' lang='lat' dir='ltr'>(v.</span> <span class='ocrx_word' id='word_1_272' title='bbox 1204 3809 1234 3869; x_wconf 89' lang='lat' dir='ltr'>p.</span> <span class='ocrx_word' id='word_1_273' title='bbox 1252 3790 1270 3849; x_wconf 88' lang='grc'>8</span> <span class='ocrx_word' id='word_1_274' title='bbox 1285 3796 1317 3848; x_wconf 91' lang='lat' dir='ltr'>et</span> <span class='ocrx_word' id='word_1_275' title='bbox 1338 3789 1396 3869; x_wconf 87' lang='lat'>11),</span> <span class='ocrx_word' id='word_1_276' title='bbox 1416 3783 1548 3866; x_wconf 91' lang='lat' dir='ltr'>Vergilii</span> 
     </span>
     <span class='ocr_line' id='line_1_32' title="bbox 255 3896 1547 3978; baseline 0 -20"><span class='ocrx_word' id='word_1_277' title='bbox 255 3906 287 3958; x_wconf 91' lang='lat' dir='ltr'>et</span> <span class='ocrx_word' id='word_1_278' title='bbox 304 3896 448 3959; x_wconf 88' lang='lat' dir='ltr'>Senecae</span> <span class='ocrx_word' id='word_1_279' title='bbox 466 3897 605 3960; x_wconf 83' lang='lat' dir='ltr'>Schenkl</span> <span class='ocrx_word' id='word_1_280' title='bbox 628 3899 702 3960; x_wconf 89' lang='lat' dir='ltr'>satis</span> <span class='ocrx_word' id='word_1_281' title='bbox 727 3898 825 3961; x_wconf 89' lang='lat' dir='ltr'>multa</span> <span class='ocrx_word' id='word_1_282' title='bbox 850 3900 1032 3978; x_wconf 61' lang='lat' dir='ltr'>annotavit)</span> <span class='ocrx_word' id='word_1_283' title='bbox 1050 3900 1136 3960; x_wconf 89' lang='lat' dir='ltr'>addo</span> <span class='ocrx_word' id='word_1_284' title='bbox 1161 3899 1200 3965; x_wconf 84' lang='lat' dir='ltr'>A.</span> <span class='ocrx_word' id='word_1_285' title='bbox 1219 3898 1281 3960; x_wconf 92' lang='lat' dir='ltr'>Pal.</span> <span class='ocrx_word' id='word_1_286' title='bbox 1300 3897 1344 3958; x_wconf 93' lang='lat' dir='ltr'>IX</span> <span class='ocrx_word' id='word_1_287' title='bbox 1357 3917 1393 3964; x_wconf 72' lang='lat'>461</span> <span class='ocrx_word' id='word_1_288' title='bbox 1407 3925 1448 3951; x_wconf 96' lang='lat'><strong><em>=</em></strong></span> <span class='ocrx_word' id='word_1_289' title='bbox 1470 3897 1547 3958; x_wconf 88' lang='lat' dir='ltr'>Ans.</span> 
     </span>
     <span class='ocr_line' id='line_1_33' title="bbox 255 4007 1548 4092; baseline 0 -24"><span class='ocrx_word' id='word_1_290' title='bbox 255 4007 394 4069; x_wconf 74' lang='lat' dir='ltr'>XVlllm</span> <span class='ocrx_word' id='word_1_291' title='bbox 424 4011 463 4089; x_wconf 85' lang='grc' dir='ltr'>(ν.</span> <span class='ocrx_word' id='word_1_292' title='bbox 487 4009 504 4068; x_wconf 93' lang='lat' dir='ltr'>i.</span> <span class='ocrx_word' id='word_1_293' title='bbox 530 4027 560 4086; x_wconf 94' lang='lat' dir='ltr'>p.</span> <span class='ocrx_word' id='word_1_294' title='bbox 588 4010 647 4091; x_wconf 84' lang='lat'>31).</span> <span class='ocrx_word' id='word_1_295' title='bbox 695 4010 805 4088; x_wconf 93' lang='lat' dir='ltr'>Ipsum</span> <span class='ocrx_word' id='word_1_296' title='bbox 830 4008 1013 4071; x_wconf 84' lang='lat' dir='ltr'>Ausonium</span> <span class='ocrx_word' id='word_1_297' title='bbox 1037 4012 1121 4092; x_wconf 88' lang='lat' dir='ltr'>sapit</span> <span class='ocrx_word' id='word_1_298' title='bbox 1144 4011 1175 4072; x_wconf 91' lang='lat' dir='ltr'>in</span> <span class='ocrx_word' id='word_1_299' title='bbox 1200 4030 1250 4090; x_wconf 91' lang='lat' dir='ltr'>ep.</span> <span class='ocrx_word' id='word_1_300' title='bbox 1281 4027 1317 4085; x_wconf 90' lang='lat'>14</span> <span class='ocrx_word' id='word_1_301' title='bbox 1339 4009 1431 4070; x_wconf 89' lang='lat' dir='ltr'>Maro</span> <span class='ocrx_word' id='word_1_302' title='bbox 1449 4009 1489 4090; x_wconf 78' lang='lat' dir='ltr'>(l),</span> <span class='ocrx_word' id='word_1_303' title='bbox 1517 4009 1548 4068; x_wconf 93' lang='lat' dir='ltr'>in</span> 
     </span>
     <span class='ocr_line' id='line_1_34' title="bbox 255 4121 1175 4200; baseline 0.003 -21"><span class='ocrx_word' id='word_1_304' title='bbox 255 4137 305 4198; x_wconf 85' lang='lat' dir='ltr'>ep.</span> <span class='ocrx_word' id='word_1_305' title='bbox 335 4136 372 4198; x_wconf 87' lang='lat'>19</span> <span class='ocrx_word' id='word_1_306' title='bbox 396 4139 506 4181; x_wconf 90' lang='lat' dir='ltr'>versus</span> <span class='ocrx_word' id='word_1_307' title='bbox 531 4129 672 4198; x_wconf 87' lang='lat' dir='ltr'>quartus,</span> <span class='ocrx_word' id='word_1_308' title='bbox 699 4141 835 4182; x_wconf 89' lang='lat' dir='ltr'>acumen</span> <span class='ocrx_word' id='word_1_309' title='bbox 860 4121 891 4182; x_wconf 95' lang='lat' dir='ltr'>in</span> <span class='ocrx_word' id='word_1_310' title='bbox 916 4140 965 4200; x_wconf 89' lang='lat' dir='ltr'>ep.</span> <span class='ocrx_word' id='word_1_311' title='bbox 992 4138 1034 4182; x_wconf 89' lang='lat'>20</span> <span class='ocrx_word' id='word_1_312' title='bbox 1057 4137 1094 4181; x_wconf 87' lang='lat'>21</span> <span class='ocrx_word' id='word_1_313' title='bbox 1125 4136 1175 4197; x_wconf 84' lang='lat'>23.</span> 
     </span>
    </p>

    <p class='ocr_par' dir='ltr' id='par_1_10' title="bbox 360 4251 1543 4333">
     <span class='ocr_line' id='line_1_35' title="bbox 360 4251 1543 4333; baseline -0.001 -19"><span class='ocrx_word' id='word_1_314' title='bbox 360 4253 438 4318; x_wconf 90' lang='lat' dir='ltr'>Ideo</span> <span class='ocrx_word' id='word_1_315' title='bbox 463 4251 689 4314; x_wconf 83' lang='lat' dir='ltr'>Schneidewin</span> <span class='ocrx_word' id='word_1_316' title='bbox 722 4273 794 4313; x_wconf 90' lang='lat' dir='ltr'>cum</span> <span class='ocrx_word' id='word_1_317' title='bbox 819 4252 1008 4314; x_wconf 86' lang='lat' dir='ltr'>Ausoniana</span> <span class='ocrx_word' id='word_1_318' title='bbox 1040 4251 1138 4333; x_wconf 89' lang='lat' dir='ltr'>peplo</span> <span class='ocrx_word' id='word_1_319' title='bbox 1161 4252 1359 4314; x_wconf 86' lang='lat' dir='ltr'>Aristoteleo</span> <span class='ocrx_word' id='word_1_320' title='bbox 1389 4251 1543 4330; x_wconf 89' lang='lat' dir='ltr'>ascripsit,</span> 
     </span>
    </p>
   </div>
   <div class='ocr_carea' id='block_1_10' title="bbox 254 4362 1546 4554">
    <p class='ocr_par' dir='ltr' id='par_1_11' title="bbox 254 4362 1546 4554">
     <span class='ocr_line' id='line_1_36' title="bbox 256 4362 1546 4444; baseline 0 -19"><span class='ocrx_word' id='word_1_321' title='bbox 256 4364 359 4425; x_wconf 89' lang='lat' dir='ltr'>minus</span> <span class='ocrx_word' id='word_1_322' title='bbox 380 4372 474 4425; x_wconf 88' lang='lat' dir='ltr'>caute</span> <span class='ocrx_word' id='word_1_323' title='bbox 499 4362 604 4441; x_wconf 83' lang='lat' dir='ltr'>egisse</span> <span class='ocrx_word' id='word_1_324' title='bbox 628 4362 705 4424; x_wconf 90' lang='lat' dir='ltr'>mihi</span> <span class='ocrx_word' id='word_1_325' title='bbox 729 4364 858 4443; x_wconf 89' lang='lat' dir='ltr'>quidem</span> <span class='ocrx_word' id='word_1_326' title='bbox 897 4363 1023 4428; x_wconf 90' lang='lat' dir='ltr'>videtur</span> <span class='ocrx_word' id='word_1_327' title='bbox 1058 4363 1090 4424; x_wconf 91' lang='lat' dir='ltr'>in</span> <span class='ocrx_word' id='word_1_328' title='bbox 1126 4362 1180 4434; x_wconf 88' lang='lat' dir='ltr'>eis,</span> <span class='ocrx_word' id='word_1_329' title='bbox 1212 4382 1294 4444; x_wconf 89' lang='lat' dir='ltr'>quae</span> <span class='ocrx_word' id='word_1_330' title='bbox 1325 4384 1382 4425; x_wconf 92' lang='lat' dir='ltr'>nos</span> <span class='ocrx_word' id='word_1_331' title='bbox 1413 4363 1546 4428; x_wconf 87' lang='lat' dir='ltr'>alterum</span> 
     </span>
     <span class='ocr_line' id='line_1_37' title="bbox 254 4471 909 4554; baseline 0.003 -18"><span class='ocrx_word' id='word_1_332' title='bbox 254 4473 303 4542; x_wconf 84' lang='lat' dir='ltr'>uel</span> <span class='ocrx_word' id='word_1_333' title='bbox 327 4473 455 4536; x_wconf 88' lang='lat' dir='ltr'>tertium</span> <span class='ocrx_word' id='word_1_334' title='bbox 480 4493 583 4554; x_wconf 84' lang='lat' dir='ltr'>genus</span> <span class='ocrx_word' id='word_1_335' title='bbox 608 4471 734 4538; x_wconf 86' lang='lat' dir='ltr'>efficere</span> <span class='ocrx_word' id='word_1_336' title='bbox 760 4474 909 4540; x_wconf 81' lang='lat' dir='ltr'>diximus</span> 
     </span>
    </p>
   </div>
   <div class='ocr_carea' id='block_1_11' title="bbox 0 0 1652 5224">
    <p class='ocr_par' dir='ltr' id='par_1_12' title="bbox 0 0 1652 5224">
     <span class='ocr_line' id='line_1_38' title="bbox 0 0 1652 5224; baseline 0 3"><span class='ocrx_word' id='word_1_337' title='bbox 0 0 1652 5224; x_wconf 95' lang='lat' dir='ltr'> </span> 
     </span>
    </p>
   </div>
  </div>
 </body>
</html>
