3296 5224
865 432 902 498 16

784 523 993 533 ——m

351 649 508 716 Attamen
533 647 755 732 Apollonii
780 647 931 710 Rhodii
957 647 1091 726 vestigia
1116 645 1319 708 inveniuntur
1343 642 1478 708 haecce:

404 762 482 823 Aus
506 759 628 823 XXVII
651 777 759 838 910212

404 872 488 933 sicca
510 871 592 932 Inter
616 889 711 953 rupes
738 868 905 950 Scythicas
928 869 1016 932 stetit
1040 867 1168 930 alitibus
1192 888 1270 930 crux

405 982 488 1044 unde
512 980 707 1042 Prometheo
732 981 772 1042 de
796 1000 933 1063 corpore
956 979 1152 1060 sanguiueus
1176 998 1228 1040 ros

405 1092 550 1172 aspargit
574 1099 684 1152 cautes
708 1099 740 1152 et
762 1090 832 1152 dira
854 1089 983 1152 aconita
1007 1099 1093 1151 creat
1118 1109 1182 1154 cos.

352 1201 416 1282 Ap.
441 1201 545 1263 Rhod.
573 1202 650 1282 Arg.
678 1201 721 1262 III
734 1222 769 1268 851
795 1221 884 1282 seqq.

457 1314 666 1396 Προμηθεϊον
689 1310 808 1392 (planta
833 1312 951 1391 virosa)

405 1421 607 1506 ,Προοτοφοὲς
631 1419 669 1485 τὸ
694 1410 722 1504 7'
746 1417 867 1502 ἀνέσχε,
892 1419 1162 1500 καταστάξαντος
1187 1415 1278 1505 ἔραζε

407 1530 515 1595 αἰετοῦ
539 1528 697 1616 ὠμηστέω
721 1543 856 1614 κνημοῖς
880 1528 927 1594 ἐνὶ
951 1532 1186 1596 Καυκασίοισιν

405 1637 592 1726 αἱματόεντ)
613 1641 715 1726 ἰχῶρα
735 1643 934 1725 Προμηθῆος
955 1655 1111 1724 μογεροῖο.

565 1753 644 1818 Aus.
671 1775 695 1815 e.
725 1771 823 1832 197-a

352 1864 488 1926 ldmona
511 1865 599 1945 quod
624 1872 733 1926 vatem
758 1913 895 1928 .....
921 1865 1031 1926 dicunt

353 1974 522 2038 dIscendas
546 1983 630 2038 artes
655 1976 786 2036 nomina
810 1977 1034 2056 praeveniunt.

356 2085 419 2164 Ap.
445 2084 551 2149 Rhod.
578 2085 656 2166 Arg.
683 2086 743 2156 [139
766 2106 856 2166 seqq.

402 2186 513 2277 ’Ὶὸμοον
537 2185 564 2258 d'
587 2190 741 2270 {ordume
763 2197 956 2278 μετεκίαθεν
979 2185 1067 2260 ὅσσοι
1091 2192 1200 2260 ἰναιον

324 2359 330 2368 ,
397 2295 515 2389 Ἄργος,
539 2304 607 2369 ε’·τιεὶ
631 2299 755 2381 δεδαώς
779 2305 840 2369 τὸν
863 2301 917 2370 ἑὸν
940 2304 1041 2390 μόρον
1065 2305 1228 2371 οἰωνοῖσιν

407 2407 462 2500 ἤϊε.

461 2525 539 2588 Aus
564 2526 686 2589 XXVII
709 2545 745 2606 9⁷

355 2655 419 2697 non
443 2636 510 2697 sine
535 2635 772 2718 Hamadryadis
796 2636 861 2699 lato
885 2639 972 2700 cadit
996 2639 1133 2701 arborea
1158 2638 1247 2700 trabs
1280 2716 1284 2726 Ι

354 2744 453 2808 schol.
480 2746 543 2828 Ap.
569 2746 672 2810 RhOd.
696 2748 777 2828 Arg.
804 2748 832 2809 ll
845 2781 884 2817 477

202 2943 205 2948 ,
345 2847 390 2920 ”H
408 2854 478 2919 ἐπεὶ
501 2855 651 2922 δοκοῦσιν
674 2846 738 2940 ἅμα
763 2869 833 2932 ταῖς
857 2857 950 2941 δρυσὶ
975 2859 1161 2940 φθείρείἰαι,
1185 2849 1310 2939 νύμφαι
1325 2845 1542 2940 Ἆμαιίρνιίδες
1631 2939 1632 2944 ¹

250 2965 409 3051 λέγονται.
1631 2953 1632 2960 ¹

355 3077 436 3139 Aus
461 3079 569 3142 XXIV
579 3099 603 3147 83
625 3099 715 3160 seqq.

356 3187 450 3271 (alma
476 3163 599 3274 Venis)
891 3267 893 3271 ι

677 3300 807 3380 natique
830 3300 861 3361 in
885 3300 1017 3362 crImina
1041 3299 1164 3362 confert

313 3451 315 3458 .
357 3407 497 3469 dedecus
522 3409 590 3490 ipsa
612 3431 707 3472 suurn
732 3460 869 3473 .....
895 3411 983 3492 quod
1006 3411 1093 3493 pube
1115 3411 1267 3492 pudenda

356 3517 605 3600 Hellespontiaci
629 3519 749 3583 ridetur
770 3519 873 3584 forma
895 3521 999 3599 Priapi

241 3626 386 3690 tortasse
411 3649 453 3691 ex
475 3629 585 3692 scholl.
611 3630 673 3710 Ap.
699 3630 802 3693 Rhod.
830 3631 908 3710 Arg.
934 3631 1005 3700 1932.

684 3924 1106 3934 Μ

1555 4123 1565 4168 ι

357 4179 480 4240 Arati
516 4179 804 4260 phaenomena
843 4193 882 4247 et
921 4184 1200 4267 prognostica
1239 4183 1373 4245 dubium
1412 4191 1460 4243 est
1498 4201 1537 4244 an

251 4308 367 4369 graece
392 4301 501 4352 noster
525 4292 663 4372 legerit·
697 4294 789 4356 Duae
814 4296 899 4356 enim
924 4295 974 4357 vel
1005 4305 1069 4357 tres
1101 4304 1230 4377 praesto
1264 4302 1354 4355 crant
1376 4292 1538 4354 versiones

252 4399 377 4467 latinae,
403 4421 484 4480 quae
509 4401 658 4464 Ausonio
695 4404 842 4483 quamvis
866 4403 979 4466 Graeci
1019 4414 1102 4466 esset
1144 4425 1264 4478 amans,
1303 4403 1423 4465 facilius
1457 4402 1536 4482 lege-

252 4507 375 4574 bantur.
402 4511 525 4573 Tamen
549 4513 636 4574 haud
660 4515 727 4577 scio
751 4536 790 4576 nn
816 4536 896 4575 unus
922 4515 1010 4576 Iocus
1035 4517 1139 4596 possit
1162 4536 1221 4595 pro
1239 4515 1436 4578 documento
1454 4531 1535 4572 esse:
