3296 5224
660 1519 843 1635 Vita.

216 1782 318 1846 Natus
351 1802 422 1844 sum
461 1782 702 1842 Ferdinand
734 1780 898 1842 Friedrich
939 1778 1051 1840 Simon
1093 1778 1218 1840 Stahl
1251 1779 1403 1839 Lubecae

106 1914 199 1955 anno
223 1894 254 1958 h,
279 1915 302 1954 s.
329 1893 386 1954 LX
411 1901 503 1973 patre
527 1890 637 1952 Ewald
662 1900 763 1951 matre
781 1889 968 1972 Adolphine
993 1891 1033 1950 de
1057 1899 1154 1969 gente
1174 1889 1305 1968 Jaaclrs;
1331 1886 1403 1948 fidei

46 2079 54 2092 ,
104 2003 258 2065 addictus
281 2025 351 2065 sum
375 2002 589 2080 evangelicae.
782 1997 784 2004 ’
1278 2019 1280 2023 ’

216 2114 386 2176 Elementa
426 2113 542 2173 doctus
567 2113 596 2172 in
621 2112 703 2172 ludis
727 2112 858 2192 privatis
886 2132 971 2172 anno
1001 2114 1080 2184 1872
1105 2119 1255 2188 receptus
1277 2128 1347 2168 sum
1374 2108 1403 2168 in

111 2244 284 2285 numerum
310 2223 541 2301 discipulorum
565 2223 733 2302 gymnasii,
761 2222 848 2301 quod
871 2231 939 2283 turn
957 2221 1184 2282 Wandsbecae
1209 2219 1333 2279 initium
1357 2237 1405 2277 ce-

58 2407 62 2410 ,
105 2335 158 2414 pit
195 2335 344 2414 auspiciis
374 2334 430 2392 viri
469 2333 648 2393 doctissimi
687 2333 727 2393 H.
767 2332 885 2410 Klapp,
926 2351 991 2409 quo
1031 2331 1189 2392 directore
1221 2329 1405 2390 etiamnunc

107 2443 204 2506 floret
227 2444 387 2524 vigetque.

218 2555 318 2616 Anno
348 2530 430 2614 1880
461 2553 653 2614 maturitatis
685 2552 907 2613 testimonium
933 2560 1046 2612 nactus
1069 2550 1186 2610 Kiliam
1211 2570 1264 2610 me
1287 2547 1406 2610 contuli

107 2666 220 2746 ibique
244 2665 410 2742 hucusque
433 2664 528 2724 rebus
561 2662 763 2743 philologieis
787 2663 904 2732 studui,
945 2663 1003 2722 nisi
1036 2659 1123 2739 quod
1149 2660 1214 2721 duo
1239 2659 1407 2720 semestria

108 2775 309 2845 Francofurti
336 2795 355 2835 a
386 2775 428 2834 ll.
464 2773 686 2854 praeceptoris
724 2792 856 2832 munere
885 2771 1014 2832 functus
1046 2791 1126 2842 sum,
1166 2771 1231 2831 duo
1267 2770 1406 2830 Berolini

109 2887 225 2947 studiis
250 2882 492 2968 operanrfdedi.

219 2995 344 3057 Scholis
378 2994 503 3055 interfui
527 3015 577 3057 vv,
603 2994 655 3054 dd.
680 2992 769 3054 Blass
792 2991 924 3070 Dilthey
940 2987 1407 3052 ErdmannFoersterForch-
1499 2968 1502 2973 ’

111 3104 262 3166 hammer
275 3104 449 3166 Kirchhofs
469 3103 582 3164 Krohu
606 3104 739 3165 illoeller
765 3102 929 3162 Luebbert
952 3101 1101 3162 Paulssen
1125 3100 1253 3162 Pseifser
1278 3097 1408 3158 Pietsch

112 3215 237 3276 l'ischel
271 3213 419 3276 Schmidt
442 3212 620 3275 Schmoller
647 3213 772 3273 Vahlen
796 3212 897 3289 Vogt‚
938 3212 1056 3289 quibus
1079 3210 1230 3271 omnibus
1254 3227 1405 3286 magnam

113 3326 221 3385 habeo
238 3325 374 3402 gratiam
392 3343 583 3403 semperque
598 3321 739 3393 habebo,
764 3323 939 3383 maximam
951 3341 1028 3381 vero
1045 3320 1207 3382 Richardo
1224 3319 1406 3388 Foerstero‚

39 3419 68 3490 s
114 3435 169 3513 qui
195 3453 299 3512 neque
324 3435 509 3509 aegrotanti
534 3433 609 3493 mihi
635 3433 755 3492 solacio
781 3452 885 3511 neque
907 3431 1064 3493 laboranti
1088 3430 1222 3491 consilio
1246 3427 1409 3490 auxiliove

45 3533 54 3544 ’
113 3563 257 3622 unquam
279 3544 389 3606 defuit.
