3296 5224
760 448 800 510 37

671 533 882 544 ———-——-n--

68 659 349 738 quaerendum
376 670 433 730 est,
449 669 554 719 utrum
581 659 621 718 de
646 678 704 718 suo
728 666 834 718 cetera
859 659 990 718 mutarit
1014 658 1064 718 vel
1079 658 1239 720 addiderit
1256 678 1297 720 an
1314 658 1422 739 aliquo

68 771 264 831 artificio
287 771 410 834 duetus,

237 869 435 942 Artificium'
455 899 529 940 cum
565 880 638 940 love
672 879 881 958 Minervaque
905 878 1056 940 Phidiaca
1087 889 1312 960 comparatum
1343 881 1421 940 item

73 1001 236 1052 statua
259 991 299 1050 sit
325 1009 456 1050 neeesse
480 998 537 1058 est,
566 1009 628 1050 non
653 989 871 1069 anaglyphon.
897 989 1016 1050 Contra
1034 988 1208 1050 Metanoea
1231 1009 1305 1049 cum
1322 989 1420 1051 Occa-

1 1073 6 1105 ⁵
77 1103 220 1161 cione
243 1110 307 1160 tam
334 1112 421 1159 arcte
444 1101 614 1180 coniuncta
640 1107 673 1159 ut
697 1119 759 1158 una
792 1097 946 1160 efficiatur
978 1108 1084 1160 statua
1116 1097 1192 1177 fingi
1225 1099 1280 1160 vix
1304 1108 1421 1179 potest.

235 1210 373 1272 Occasio
399 1210 535 1294 Ausonii
561 1209 679 1270 femina
704 1209 765 1269 dea
789 1218 845 1281 est,
871 1207 994 1292 Κοιρός
1017 1209 1115 1284 deus;
1153 1211 1241 1290 atqui
1277 1231 1327 1271 ars
1359 1211 1420 1272 Ro·

85 1341 225 1381 mana
258 1321 341 1380 adeo
372 1339 500 1396 semper
533 1318 591 1380 fuit
624 1320 655 1379 in
685 1319 810 1379 dicione
835 1316 960 1381 Graeca
989 1318 1037 1398 (cl.
1062 1321 1165 1399 anagl.
1191 1319 1417 1405 Torcellense),

91 1440 152 1490 ut
186 1451 250 1491 non
276 1431 405 1490 credam
431 1439 569 1491 statuam
595 1429 784 1490 Occasionis
810 1429 948 1490 feminae
974 1448 1114 1508 unquam
1138 1428 1246 1492 luisse.

234 1539 346 1600 Facies
370 1542 456 1600 crine
481 1541 523 1601 ita
547 1550 633 1600 tecta
660 1549 693 1600 ut
717 1541 869 1617 cognosci
904 1548 1044 1620 nequeat
1066 1561 1083 1600 a
1108 1541 1221 1618 quovis
1251 1540 1317 1601 fere
1348 1543 1419 1602 arti-

94 1649 199 1710 ficio
224 1648 384 1714 abhorret.
435 1650 524 1710 Haec
559 1650 689 1729 quidem
729 1650 863 1710 mutatio
896 1648 1033 1711 sortasse
1064 1670 1103 1711 eo
1128 1651 1306 1731 explicatur
1330 1653 1418 1732 quod

97 1770 235 1820 noster
260 1741 410 1820 feminam
435 1760 527 1839 lingit
552 1759 775 1832 Occasionem,
808 1760 899 1820 cuius
923 1760 1039 1841 capillo
1071 1763 1278 1839 promissiore
1303 1761 1417 1824 faciem

99 1869 215 1931 facile
238 1871 397 1949 cooperiri
421 1883 568 1952 apertum
594 1878 649 1930 est.

233 1979 330 2039 Hisce
354 1981 458 2041 causis
476 2001 539 2041 non
558 1980 654 2041 credo
673 1982 855 2041 Ausonium
872 1980 1001 2059 aliquod
1018 1979 1188 2043 artificium
1207 1983 1275 2044 eius
1291 1985 1418 2063 generis

107 2091 254 2150 vidisse.
302 2089 423 2150 Notatu
461 2111 536 2150 vero
570 2091 706 2169 dignum
737 2091 863 2151 videtur
894 2091 982 2170 quod
1014 2090 1178 2153 Ausonius
1203 2091 1417 2155 Occasionem

109 2201 369 2279 quodammodo
394 2201 556 2261 Fortunae
581 2201 667 2260 vices
692 2209 846 2279 agentem
871 2199 954 2270 lacit,
980 2199 1018 2261 cl.
1043 2221 1070 2260 v.
1099 2215 1113 2279 5

708 2310 883 2371 Mercurius
906 2329 991 2390 quae

283 2419 446 2482 fortunare
469 2421 561 2494 solet,
597 2421 689 2482 trado
714 2441 777 2500 ego
812 2439 885 2480 cum
917 2418 1011 2480 volui.
1043 2475 1045 2480 .

231 2530 373 2591 Fortuna
408 2551 484 2592 vero
522 2533 584 2592 dea
620 2533 707 2610 apud
744 2532 823 2594 Aus.
858 2530 987 2608 saepius
1012 2531 1162 2608 occurrit,
1192 2529 1228 2592 cl.
1254 2532 1325 2594 XIII
1351 2552 1414 2602 2⁸⁵,

116 2641 185 2702 XV
209 2641 275 2708 613,
302 2657 388 2717 2413,
412 2641 518 2703 XVIII
544 2659 620 2709 2412.
648 2642 733 2704 Huic
756 2641 913 2719 sphaerae
936 2641 985 2702 vel
1011 2650 1101 2702 rotae
1124 2642 1311 2721 symbolum
1337 2645 1412 2706 addi

116 2750 205 2811 solet
221 2755 241 2831 1)
278 2751 366 2827 (llus
383 2751 446 2814 XV
463 2770 541 2828 2413
587 2763 663 2824 „aut
686 2752 747 2812 iam
772 2751 934 2812 Fortunae
952 2751 997 2812 sic
1022 2771 1056 2811 se
1079 2751 1205 2830 vertigo
1230 2753 1413 2838 rotabat“);

117 2862 167 2920 sic
192 2859 328 2922 fortasse
353 2861 455 2922 rotula
480 2861 668 2942 explicatur.

232 2971 429 3032 Poenitentia
461 2981 537 3051 post
573 2971 788 3033 Occasionem
827 2993 844 3032 e
876 2973 1026 3034 manibus
1060 2971 1203 3054 elapsam
1243 2993 1415 3036 remanens

117 3081 205 3141 adeo
229 3081 259 3140 in
283 3091 436 3162 promptu
462 3091 519 3154 est,
556 3092 590 3142 ut
626 3101 728 3163 paene
752 3081 842 3141 locus
865 3081 1011 3142 videatur
1046 3080 1235 3151 communis,
1262 3080 1351 3141 cuius
1376 3081 1412 3141 si-

118 3189 289 3250 millimum
313 3191 401 3268 legas
426 3192 523 3251 etiam
548 3191 626 3254 Aus
653 3190 830 3253 XX211-212

200 3304 204 3308 ’
283 3310 429 3380 reputate
451 3303 557 3361 cuncti
583 3302 733 3380 quotiens
758 3299 914 3361 offensam
938 3301 1057 3361 incidat

282 3419 427 3489 spectata
450 3412 500 3471 cui
525 3431 589 3472 non
612 3409 706 3471 luerit
729 3411 976 3491 opportunitas;

118 3539 223 3600 prope
247 3520 344 3580 etiam
368 3520 410 3581 ad
434 3532 578 3582 nostrum
596 3521 720 3581 accedit
735 3519 775 3583 Α.
797 3521 824 3579 P.
845 3521 911 3588 xa
934 3524 1120 3584 Λουκιανοῦ

279 3628 347 3692 αἰὲν
362 3629 559 3715 ἐφελκομένη
582 3628 644 3713 τήν
667 3629 856 3693 Μετάνοιαν
879 3627 948 3711 ἔχει.
965 3631 987 3712 ²)

228 3741 338 3819 ltaque
375 3741 473 3801 etiam
507 3740 699 3801 Metanoeae
731 3741 988 3802 additamentum
1019 3739 1078 3820 ipsi
1114 3738 1264 3799 Ausonio
1303 3739 1411 3801 deberi

120 3852 187 3911 veri
220 3871 283 3911 non
320 3861 368 3910 est
408 3850 569 3911 dissimile.
617 3850 714 3928 Quod
748 3870 826 3911 vero
850 3849 988 3912 Occasio
1012 3847 1203 3911 novaculam
1221 3867 1284 3909 non
1302 3848 1410 3920 habet,

120 3960 320 4041 saepiuscule
338 3962 367 4021 in
393 3958 556 4020 vertendis
582 3959 826 4039 epigrammatis
849 3958 968 4040 aliquid
994 3979 1066 4021 eum
1084 3959 1289 4020 omittentem
1307 3979 1412 4040 neque

230 4247 248 4314 Ι)
277 4249 307 4298 cf.
333 4250 413 4299 Galen
440 4250 536 4301 adhort.
558 4263 572 4298 2
596 4255 652 4300 τοῖν
681 4251 774 4298 ποδοῖν
800 4248 932 4298 ὑπέθεσαν
960 4250 1031 4311 βάσιν
1064 4249 1204 4313 σφαιρικὴν
1236 4257 1260 4298 et
1290 4249 1354 4298 Plut.
1379 4247 1411 4295 de

122 4343 173 4392 sort.
193 4342 230 4390 III
249 4343 313 4405 ὑπὲρ
334 4345 448 4406 σφαίρας
467 4344 536 4405 τινὸς
553 4345 632 4410 ἴχνος
650 4341 784 4391 audietne.

227 4431 246 4502 ²)
280 4435 392 4498 Benigne
414 4443 439 4482 ut
459 4436 520 4484 solet
541 4436 637 4484 monuit
660 4435 773 4482 Foerster
794 4433 940 4482 Metanoeae
961 4449 1092 4499 personam
1112 4434 1186 4482 etiam
1201 4434 1263 4484 Luc.
1283 4413 1314 4481 de
1334 4449 1408 4482 mere.

122 4528 190 4578 cond.
211 4539 244 4588 42
265 4537 323 4577 extr.
343 4533 425 4576 extare
445 4529 505 4588 ,,τὸν
527 4528 621 4578 ἄθλιον
641 4526 882 4598 ἐσιοιτιολὶμ’»ουσσινΗ
902 4527 926 4576 in
947 4528 1010 4576 vitae
1029 4526 1124 4576 aulicae
1143 4526 1238 4594 pictura
1257 4525 1355 4578 ficticia.
