3296 5224
879 429 920 488 22

417 649 451 700 ut
475 641 528 719 qui
554 639 700 700 notitiam
726 657 896 718 rerumque
921 635 1157 714 hominumque
1181 643 1334 706 tenerem,

469 751 606 811 accirem
630 748 806 810 medicus.“
853 747 1023 808 Eunomus
1047 745 1196 824 obriguit.

416 868 484 920 tum
509 855 628 918 Gaius:
655 865 801 930 „metuas
827 856 911 928 nihil,
938 856 1102 916 Eunome:
1136 853 1202 914 dixi
1227 873 1291 934 ego
1316 863 1348 914 et
1371 873 1486 914 omnes

470 968 591 1028 nullum
616 968 670 1048 qui
695 976 825 1046 saperet
849 967 954 1026 dicere
978 975 1010 1025 te
1037 963 1239 1028 medicum!“

255 1079 294 1144 cs.
320 1079 500 1140 Babrius
525 1078 588 1140 sab,
617 1092 653 1158 75
681 1078 719 1138 B:

416 1179 534 1271 Ἰατρὸς
558 1183 597 1272 ήν
621 1183 764 1270 ἄτεχνος.
791 1177 887 1259 οὗτος
912 1180 1116 1268 ἀρρώστῳ

415 1297 556 1362 πάντων
579 1296 757 1380 λεγόντοιν
783 1295 838 1379 Μή
862 1294 980 1371 δέδιθι,
1007 1294 1143 1376 σωθήσῃ
1167 1291 1228 1377 γὰρ
1253 1343 1259 1356 .
1286 1343 1291 1356 .
1317 1343 1323 1355 .
1350 1343 1355 1355 .

370 1425 390 1484 4
415 1404 432 1471 ὁ
456 1398 483 1471 δ’
507 1401 651 1492 ἀτεχνής
673 1405 820 1490 ἰατρὸς
844 1400 959 1468 εἶπεν
982 1401 1155 1481 εἰςβαίνοιν

415 1514 524 1601 ἑτοῖμα
550 1519 596 1583 ἀεῖ
618 1535 653 1581 σε
677 1508 777 1582 πάντ)
799 1512 891 1598 ἔχειν·
917 1511 1230 1596 ἀποθνήσκεις·

371 1628 538 1713 9Χρόνφ
562 1620 590 1693 δ’
613 1627 732 1702 ἐκεῖνος
765 1625 807 1690 ἐκ
838 1624 970 1689 νόσων
1008 1620 1254 1706 ἀνασφήλας

415 1743 635 1822 προῆλθεν
658 1734 805 1821 ὠχρός,
830 1749 898 1810 τοῖς
922 1735 1019 1799 ποσὶν
1041 1732 1134 1816 ριόλις
1157 1735 1290 1812 βαίνων.

412 1837 447 1912 ‘0
473 1839 501 1912 δ’
524 1848 635 1932 ἰατρὸς
659 1845 761 1931 αὐτῷ·
787 1842 892 1931 Χαῖρ’,
918 1843 986 1930 ἔφη,
1013 1843 1217 1926 συναντήσας

415 1960 563 2033 καὶπῶς
586 1954 712 2040 ἔχουσιν
735 1955 765 2022 οἳ
789 1957 892 2030 κάτον,
918 1953 1071 2041 διηρώτα.

420 2067 576 2143 Κάκεῖνος
599 2064 698 2132 εἶπεν·
723 2060 884 2152 Ἠρεμοῦσι
910 2075 969 2150 τῆς
993 2065 1100 2148 λήθης

416 2181 577 2253 πίνοντες.
599 2167 639 2242 ‘11
656 2179 747 2263 Κόρη
771 2179 804 2242 ἀὲ·
826 2174 873 2260 χώ
895 2176 994 2260 μέγας
1017 2174 1179 2239 Πλαύτιον

416 2287 533 2374 πρώρν
555 2287 718 2372 ἰατροῖς
742 2287 830 2353 όιινά
854 2295 955 2351 πιῖσιν
979 2284 1135 2370 ἠπείλουν

416 2394 470 2459 ἐπὶ
491 2399 541 2479 τῷ
566 2395 761 2480 θεραπεύειν
784 2394 861 2469 τοὺς
885 2402 1062 2469 νοσοῦντας
1085 2391 1286 2479 ἀνθρώπους

418 2503 666 2589 ἀνέγραφον
690 2505 732 2569 δὲ·
759 2505 930 2580 πάντας·
954 2503 989 2568 ἐν
1012 2503 1046 2567 δὲ
1071 2518 1139 2580 τοῖς
1162 2504 1306 2590 πρώτοις

416 2618 470 2679 καὶ
495 2615 529 2679 σὲ
552 2616 691 2700 γράφειν
714 2614 859 2698 ἔμελλον·
882 2605 955 2678 ἀλλ’
978 2611 1041 2697 ἐγὼ
1065 2615 1170 2689 δείσας

338 2761 343 2770 ·
417 2723 726 2810 ιάθῦςπαρήλθον,
751 2721 885 2810 ήψάμρν
909 2724 943 2788 ἀὲ
968 2732 1036 2788 τῶν
1060 2725 1239 2807 σκήπτρων

417 2826 632 2918 κάπώριοσ)
663 2833 809 2911 αὐτοῖς
833 2830 897 2899 ὅτι
921 2833 967 2897 σύ
991 2848 1084 2907 ταῖς
1108 2831 1325 2919 ἀληθείαις

421 2945 565 3028 ἰατρὸς
589 2943 661 3009 οὐκ
686 2943 735 3024 ai,
761 2947 817 3009 καὶ
838 2944 946 3029 μάτήν
970 2945 1151 3028 διεβλήθης.

364 3056 461 3136 Quod
497 3057 597 3118 multo
634 3059 760 3119 breuius
798 3066 846 3118 est
876 3057 1101 3118 Ausonianum
1138 3077 1234 3136 quam
1269 3053 1442 3133 exemplar,
1486 3074 1552 3115 non

256 3168 452 3239 mirabimur,
479 3187 552 3228 nam
578 3169 780 3248 epigramma
810 3167 938 3229 fabulae
962 3167 1117 3246 ambages
1142 3187 1206 3227 non
1231 3164 1410 3243 tolerabat3
1435 3166 1551 3226 eadem

255 3294 352 3335 causa
375 3296 393 3335 a
419 3283 528 3335 nostru
560 3276 708 3337 videmus
741 3295 876 3338 acumen
910 3275 1023 3337 melius
1054 3296 1252 3357 expressum.
1315 3275 1381 3337 Sed
1417 3276 1551 3336 omnino

255 3385 360 3444 versio
385 3404 448 3444 non
477 3394 543 3445 tam
578 3395 728 3446 accurata
751 3396 809 3458 est,
840 3395 873 3446 ut
906 3406 946 3444 ex
970 3385 1041 3466 ipso
1067 3385 1190 3446 Graeco
1222 3395 1369 3447 nostrum
1405 3385 1551 3446 hausisse
1625 3431 1629 3455 i

255 3503 377 3554 certum
401 3493 451 3566 sit,
476 3496 767 3572 praesertimcum
799 3515 862 3556 non
893 3494 992 3556 modo
1016 3495 1133 3557 Titiani
1166 3496 1226 3569 illa,
1258 3496 1316 3556 sed
1349 3496 1417 3558 sine
1450 3495 1549 3556 dubio

255 3603 352 3664 etiam
378 3602 457 3664 aliae
481 3604 646 3666 versiones
670 3606 698 3666 ei
724 3614 854 3684 praesto
880 3603 1006 3671 fuerint.

688 3859 847 3866 ——-----.--.
851 3861 925 3866 ...υ-..-
930 3861 1019 3868 Q«.
1027 3861 1109 3870 ..ν-...-

357 4057 424 4118 Iam
451 4057 618 4118 ueniamus
650 4057 690 4118 ad
714 4058 795 4122 Aus
826 4057 917 4119 XVII
953 4058 1216 4138 Epitaphia
1247 4061 1437 4122 heroum
1471 4063 1545 4142 qui

252 4166 377 4228 bello
414 4167 584 4228 Troico
620 4166 962 4243 interfuerunt,
1004 4190 1087 4249 quae
1123 4170 1191 4247 ipse
1225 4171 1256 4230 in
1293 4170 1544 4252 praefatiuncula

251 4277 328 4338 dicit
353 4299 370 4337 e
395 4274 521 4337 Graeco
558 4297 649 4340 versa
691 4299 769 4343 esse.
833 4278 972 4341 Fontem
1008 4300 1120 4341 eorum
1156 4279 1459 4342 Aristotelis
1494 4282 1544 4362 qui

250 4388 348 4449 fertur
374 4387 427 4448 Pe
440 4386 561 4467 plum
586 4389 709 4450 dudum
731 4390 788 4451 viri
813 4389 899 4450 docti
920 4399 1077 4450 eruerunt.
1119 4391 1264 4472 Namque
1289 4389 1543 4471 subStagiritae
1628 4435 1629 4456 i

251 4499 381 4561 nornine
406 4497 548 4562 seruntur
578 4500 744 4583 epitaphia
775 4519 887 4562 eorum
916 4499 1072 4582 heroum3
1097 4521 1179 4583 quae
1217 4510 1322 4566 utrum
1359 4510 1444 4566 recte
1479 4500 1538 4566 hoc
