3296 5224
799 487 1009 630 -ξ-

843 629 882 670 ‚s

258 695 316 773 rigi
341 703 396 754 aut
420 693 541 754 Graeca
565 695 741 754 secundum
770 693 949 755 Ausonium
974 694 1137 755 emendari
1156 696 1279 772 possint
1294 695 1322 774 ¹).
1349 693 1577 774 (Accursiusz

259 802 454 874 „feliciorem
484 805 673 883 plerumque
699 790 938 883 metaphrasten
980 804 1161 864 Ausonium
1204 823 1300 880 quam
1341 805 1577 883 interpretem

258 910 432 974 fideliorem
457 920 658 995 agnoscas··).
685 915 761 974 ldeo
785 905 962 974 cavendum
990 933 1028 973 ne
1054 913 1262 973 Duebnerum
1287 914 1457 973 audiamus
1492 933 1576 973 sae-

257 1022 399 1100 piuscule
425 1025 599 1085 dicentem:
634 1023 713 1084 ‹hoc
737 1023 795 1101 vel,
812 1025 884 1084 huic
909 1023 1009 1083 simile
1035 1023 1132 1103 epigr.
1167 1024 1332 1083 Ausonius
1357 1025 1573 1101 expressitr.

257 1130 302 1193 Cf.
329 1132 441 1210 Peiper
466 1133 482 1192 l.
510 1134 527 1198 l.
553 1155 582 1213 p.
606 1148 678 1212 237,
704 1135 757 1211 qui
781 1134 870 1218 addit
894 1133 1095 1192 nullomodo
1118 1130 1193 1210 fingi
1212 1151 1307 1210 posse
1327 1133 1574 1212 totepigram-

257 1254 344 1303 mata
379 1263 461 1322 quae
499 1244 662 1304 Ausonius
694 1244 722 1304 in
758 1245 803 1304 eis
831 1264 913 1323 quae
947 1253 1014 1304 tum
1041 1253 1131 1303 erant
1162 1241 1359 1322 anthologiis
1383 1243 1571 1311 invenerit.

1624 1105 1645 1146 ΑΙ

256 1363 398 1414 aetatem
422 1373 486 1415 non
511 1354 630 1416 tulisse.

364 1463 475 1541 Neque
501 1483 628 1544 semper
651 1461 724 1522 felix
749 1472 799 1522 est
822 1464 852 1522 in
877 1464 1042 1534 vertendo,
1069 1483 1132 1523 non
1166 1463 1264 1522 modo
1297 1462 1385 1540 quod
1410 1459 1572 1523 Graecas
1644 1507 1645 1526 i

256 1573 432 1652 elegantias
463 1591 692 1652 nonnunquam
723 1592 785 1632 non
819 1573 978 1650 exprimit,
1011 1573 1066 1632 sed
1100 1573 1195 1632 etiam
1229 1573 1315 1650 quod
1355 1572 1570 1650 loquacitate

255 1703 313 1743 sua
337 1683 527 1764 brevitatem
572 1683 888 1760 concinnitatemque
922 1681 1078 1744 Graecam
1126 1682 1176 1741 hic
1216 1682 1276 1742 illic
1299 1683 1394 1761 plane
1424 1682 1566 1743 delevit.

364 1791 446 1854 Sunt
469 1813 545 1853 vero
570 1812 652 1870 quae
678 1791 809 1853 Graecis
835 1812 896 1852 non
922 1793 1020 1852 modo
1046 1793 1140 1872 paria,
1155 1793 1254 1852 immo
1279 1792 1391 1852 iisdem
1415 1793 1565 1853 meliora

255 1903 430 1974 videantur,
455 1912 510 1964 aut
535 1904 604 1980 ipsa
629 1902 773 1963 vertendi
799 1911 867 1962 arte
890 1902 1041 1981 insignita
1058 1911 1113 1962 ant
1129 1901 1406 1979 explicationibus,
1432 1905 1564 1963 acumi-

255 2011 357 2080 nibus
384 2012 548 2091 leporibus
572 2022 666 2072 aucta
689 2012 950 2091 elegantissime,
976 2023 1072 2090 atque
1097 2010 1175 2072 haec
1201 2013 1330 2089 quidem
1354 2021 1420 2076 tam
1437 2013 1562 2072 crebra

254 2131 327 2181 sunt
351 2131 384 2181 ut
419 2122 467 2181 his
502 2121 604 2181 multo
639 2122 793 2182 maiorem
830 2121 958 2182 laudern
994 2140 1091 2199 quam
1127 2120 1185 2182 illis
1221 2123 1413 2202 vituperium
1450 2133 1560 2200 poeta

254 2232 483 2290 commeruisse
509 2231 657 2292 videatur
681 2234 704 2309 ²)
731 2229 872 2291 Omnino
898 2232 923 2291 si
949 2239 1034 2291 recte
1060 2231 1295 2311 epigrammata
1312 2230 1436 2293 Graeca
1461 2253 1558 2293 com-

254 2349 407 2421 parantur
446 2360 518 2400 curn
558 2341 697 2420 gemmis
735 2338 904 2401 artificiose
944 2339 1084 2406 caelatis,
1123 2341 1164 2400 de
1200 2341 1347 2401 Ausonio
1386 2342 1558 2402 imitatore
1622 2363 1645 2416 e

254 2450 306 2528 qui
331 2450 481 2511 undicare
507 2450 575 2510 vult
599 2450 835 2529 respiciendum
854 2459 911 2519 est,
931 2459 1054 2529 quanto
1071 2451 1225 2510 crassiore
1242 2451 1273 2509 in
1290 2451 1395 2530 lapide
1412 2452 1555 2513 subtiles

253 2558 323 2620 illae
340 2557 538 2620 Graecorum
560 2559 789 2640 insculpendae
813 2569 911 2638 atque
936 2559 1149 2621 elaborandae
1174 2561 1289 2621 fuerint
1311 2561 1500 2640 elegantiae.

358 2669 520 2730 Praeclare
546 2665 643 2749 igitur
667 2669 779 2748 Peiper
803 2688 834 2748 p.
862 2686 878 2729 2
884 2685 942 2748 37:
983 2670 1105 2730 «Wenn
1123 2672 1200 2732 aber
1223 2671 1280 2732 der
1303 2670 1443 2732 Kritiker
1461 2673 1554 2733 beim

251 2778 464 2858 Vergleichen
498 2780 555 2838 mit
585 2780 659 2840 dem
682 2778 826 2857 Original
863 2780 923 2840 den
950 2780 1082 2842 Dichter
1115 2780 1225 2852 tadelt‚
1261 2801 1296 2841 so
1332 2781 1407 2842 trifft
1442 2783 1554 2844 dieser

253 2887 353 2948 Tadel
378 2889 471 2949 meist
496 2888 582 2949 nicht
614 2890 665 2949 die
689 2889 808 2949 Person
841 2889 897 2950 des
920 2889 1078 2962 Dichters
1112 2891 1251 2951 sondern
1282 2891 1344 2954 den
1369 2890 1553 2953 Charakter

252 3000 308 3059 des
331 2997 435 3060 Volks
458 3001 522 3060 und
547 3000 604 3060 der
627 2999 704 3072 Zeit,
730 3019 787 3059 aus
809 2999 914 3060 denen
939 2998 1054 3060 heraus
1081 3020 1115 3060 er
1139 2999 1256 3060 dachte
1280 3002 1343 3066 und
1369 3002 1547 3067 dichtete».

361 3195 375 3262 ¹)
396 3198 453 3259 Qua
472 3197 503 3245 de
522 3212 666 3245 causanon
685 3198 749 3245 bene
762 3205 823 3260 puto
837 3195 1015 3244 Benndorfium
1036 3193 1123 3262 (l.l.p.
1143 3194 1186 3264 32)
1202 3199 1231 3243 A.
1252 3197 1278 3247 P.
1300 3197 1359 3244 XVI
1371 3198 1420 3259 263
1439 3197 1493 3247 Καί
1514 3215 1549 3262 με

250 3288 325 3338 λίθον
354 3299 452 3354 propter
476 3289 551 3338 nostri
576 3289 738 3352 ‚,quondam“
767 3290 791 3336 in
816 3289 896 3350 „llpiv
923 3303 955 3350 με
971 3287 1012 3336 λ.“
1038 3298 1146 3337 mutasse
1165 3288 1208 3347 (ci,
1235 3291 1264 3336 A.
1291 3289 1318 3339 P.
1345 3289 1549 3352 lX334,XlV54,

250 3381 374 3443 XV1252,
395 3381 450 3430 XVl
468 3377 528 3448 707)
550 3396 630 3444 neque
650 3381 729 3444 magis
756 3397 787 3430 ex
825 3397 846 3430 e.
867 3393 899 3428 22
920 3381 977 3428 licet
996 3379 1145 3428 concludere
1161 3382 1299 3429 Ausonium
1318 3383 1343 3428 in
1363 3383 1548 3445 epigrammate
1623 3445 1632 3455 s

250 3473 346 3521 Graeco
364 3473 453 3536 legisse
472 3474 511 3536 Τᾷ
529 3473 638 3535 Πιτάνᾳ.

358 3562 376 3633 ¹²)
398 3566 512 3615 Vinctus:
534 3577 577 3627 „ut
595 3567 626 3615 sit
644 3566 699 3613 luce
718 3566 805 3613 clarius
818 3574 928 3613 nostrum
942 3566 966 3612 in
979 3565 1101 3629 plerisque
1120 3581 1170 3614 non
1190 3566 1328 3630 interpretis
1348 3565 1391 3615 sed
1410 3566 1546 3614 imitatoris

249 3659 432 3722 conditorisque
464 3659 620 3722 perfunctum
654 3673 762 3718 munere,
795 3658 922 3720 multaque
953 3666 995 3706 aut
1014 3659 1096 3721 aptius
1120 3659 1295 3706 comminuisse
1320 3667 1362 3706 aut
1393 3657 1548 3720 locupletius

249 3751 440 3804 connnunivisse
458 3751 644 3814 excoluisseque
663 3760 686 3798 et
705 3750 780 3796 veluti
799 3741 923 3797 coloribus
942 3750 1100 3813 aspersisse⁴¹.
