3296 5224
729 467 749 527 9

250 678 328 756 quid
353 677 435 740 serre
457 677 572 758 possis,
598 675 716 756 quidve
741 694 814 746 non,
841 675 1008 754 dinoscere

251 797 349 850 noctu
374 788 501 868 diuque,
526 805 609 867 quae
632 805 734 866 geras⁷
758 805 843 865 quae
865 785 1003 865 gesseris

251 898 292 959 ad
316 917 417 978 usque
440 897 550 978 puncti
575 896 679 958 tenuis
704 896 802 956 instar
826 913 989 974 quaerere,

88 1009 129 1073 cf.
157 1007 321 1070 Menandri
345 999 604 1090 Κοινειαςόμεναι
628 1006 662 1068 ir.
687 1006 714 1067 ΙΙ
738 1005 847 1086 (Mein.
873 1005 918 1066 IV
934 1005 983 1087 1⁵⁶)

258 1112 296 1182 Τὸ
326 1123 434 1203 γνῶθι
465 1110 604 1182 σεαυτόν
632 1115 721 1180 έοτιν
751 1106 793 1179 dv
828 1113 869 1178 τὰ
899 1115 1076 1200 πράγματα

251 1227 321 1312 ἴδῃς
349 1227 390 1294 τὰ
417 1219 539 1294 οαῦτοῦ
562 1229 617 1292 καὶ
640 1230 672 1292 τί
697 1245 745 1291 σοι
767 1225 931 1312 ποιητέον,

201 1342 279 1406 Aus,
304 1360 330 1405 e.
358 1343 394 1403 81
416 1360 466 1398 1-⁶

254 1448 303 1512 Sit
327 1448 404 1512 mihi
429 1449 527 1512 talis
550 1451 657 1512 amica
672 1448 778 1522 velim,

254 1561 385 1638 iurgia
410 1579 515 1640 quae
539 1570 693 1622 temere
717 1560 902 1639 incipiat

255 1690 313 1731 nec
331 1669 462 1732 studeat
484 1670 575 1751 quasi
591 1679 680 1732 casta
697 1670 794 1750 loqui,

254 1779 428 1861 pulchra
450 1800 611 1862 procax
634 1779 863 1862 petulante
893 1799 1011 1841 manu

254 1891 387 1952 verbera
411 1910 495 1971 quae
520 1889 600 1952 serat
629 1899 662 1954 et
685 1898 814 1970 regerat

254 2020 413 2081 caesaque
435 2001 476 2062 ad
500 2001 608 2064 oscula
632 1999 806 2080 confugiat.

92 2111 133 2173 cf.
158 2111 242 2178 Men,
269 2111 381 2174 Thaid.
408 2110 423 2172 i
437 2163 443 2177 .
468 2111 481 2172 Ι
505 2111 613 2194 (Mein.
642 2111 685 2172 IV
709 2132 739 2193 p.
757 2111 817 2192 αι).

256 2213 338 2304 Ἐμοὶ
359 2220 418 2304 μὲν
442 2214 524 2286 ἄειδε
548 2212 757 2305 τοιαύτην
783 2220 849 2284 θεά

256 2337 461 2412 θρασεῖαν
484 2322 645 2414 ὡραίαν
669 2330 702 2394 δὲ
728 2332 783 2394 καὶ
806 2324 957 2416 πιθανὴν
981 2324 1045 2414 ἅμα

257 2439 499 2519 ἀδικοῦσαν,
515 2438 984 2519 ἀποκλείονοαν,αἰτοῦοαν
1002 2440 1152 2513 πυκνοῖ,

255 2544 391 2636 {indiviae
413 2550 550 2634 έρῶοαν,
573 2550 855 2636 προςποιονμένην
879 2546 965 2617 δ’ἄιέ.

309 2661 389 2728 Aus.
416 2683 440 2724 e.
471 2680 535 2731 11³

255 2771 334 2833 Sum
360 2772 435 2835 dea
458 2794 542 2855 quae
566 2793 636 2836 raro
661 2783 694 2835 et
716 2773 827 2852 paucis
851 2772 980 2834 occasio
1004 2781 1097 2834 nota:

93 2885 124 2944 in
162 2882 337 2963 exemplari
373 2885 440 2946 eius
475 2884 717 2966 epigrammatis
750 2883 791 2949 A.
822 2883 853 2945 P.
878 2882 954 2945 XVI
972 2913 1009 2950 ππ
1041 2891 1185 2944 tantum:
1222 2871 1386 2966 Καιρὸςὸ

92 2991 329 3075 πανδαμάτωρ.
360 2986 485 3076 Καιρὸν
516 2997 614 3057 deum
645 3016 664 3056 a
696 2994 874 3056 Menandro
909 2991 1107 3076 appellatum
1142 3013 1213 3056 esse
1244 2993 1388 3056 Palladas

94 3104 187 3166 testis
211 3113 260 3165 est
283 3104 322 3165 A.
349 3104 380 3165 P.
407 3104 437 3165 X
453 3137 477 3171 52

190 3271 195 3278 .
257 3201 304 3278 Εὖ
329 3236 362 3296 γε
387 3213 494 3297 λέγων
539 3211 598 3277 τὸν
621 3206 745 3296 Καιρὸν
768 3209 850 3297 έφης
871 3206 961 3290 θεόν,
987 3201 1022 3278 εὖ
1046 3236 1078 3296 γε
1102 3212 1280 3296 Μένανδρε,

96 3325 195 3406 (Men.
233 3323 295 3386 fab.
343 3324 415 3397 ine,
463 3322 496 3387 ir.
527 3336 597 3403 500,
623 3323 719 3387 Mein.
744 3323 790 3386 IV
815 3326 901 3404 331),
926 3328 1015 3405 quod
1046 3325 1152 3404 ipsum
1187 3325 1390 3406 epigramma

96 3435 244 3497 Ausonio
268 3443 397 3516 poterat
419 3455 489 3498 esse
513 3444 635 3498 notum.
650 3434 674 3515 ¹)

202 3545 326 3608 Fabula
361 3545 412 3607 ilia
447 3546 488 3608 de
521 3544 698 3627 Sapphone
734 3553 766 3606 et
803 3545 937 3608 Phaone
981 3546 1058 3608 item
1092 3567 1110 3607 e
1144 3544 1324 3607 Menandro
1361 3544 1388 3606 ei

96 3656 273 3720 innotuisse
297 3656 432 3729 videtur,
458 3655 497 3722 cf.
523 3656 605 3717 Men.
633 3657 730 3718 Leuc.
757 3654 790 3719 ir.
818 3656 830 3717 l
855 3655 1014 3739 (Meineke
1037 3656 1083 3719 IV
1112 3657 1185 3738 158)
1210 3688 1261 3723 ²·4

258 3758 317 3829 riv
336 3761 545 3850 ὑπέρκομπον
560 3768 700 3851 θηρῶσα
722 3756 836 3830 Φάων

257 3875 433 3960 οἰοτριῦντι
449 3868 551 3962 πόθῳ
567 3872 660 3962 ῥῖψαι
682 3876 806 3960 πέτρας

257 3984 323 4052 ἀπὸ
347 3990 561 4072 τηλιφανοῦς,

96 4098 135 4161 cs.
163 4099 240 4161 Aus.
265 4120 290 4163 e.
316 4111 401 4178 9513
426 4097 590 4173 „fastidita
614 4098 758 4160 Phaoni‘¹
785 4107 818 4160 et
840 4097 948 4160 XXIV
965 4131 988 4168 24

257 4218 288 4272 et
312 4209 353 4272 de
377 4211 528 4273 nimboso
553 4209 671 4272 saltum
693 4208 836 4272 Leucate
859 4209 1006 4278 minatur.

205 4320 283 4386 Ans.
307 4320 401 4384 XXV
427 4338 471 4400 3⁵
495 4340 585 4401 seqq.

209 4557 225 4626 ¹)
248 4561 285 4609 De
305 4561 422 4610 Palladae
442 4568 522 4610 aetate
541 4578 564 4611 v.
583 4561 654 4610 inira.
