3296 5224
348 749 352 758 «
427 695 591 770 δάκτυλον
613 695 724 792 ἡρῷον
747 708 799 770 καὶ
823 703 1032 772 δοιδοκόλονν
1054 705 1230 790 χορίυμβον

480 816 540 881 σὺν
566 819 687 901 elatine
711 816 812 901 κώμῳ
835 817 981 901 cippum
1011 814 1217 900 l'aprptyriprye,

425 926 610 992 οωταδικδν
633 950 668 991 τε
692 928 840 994 κίναιδον
862 920 998 993 ἰωνικὸν
1021 924 1272 1010 ἀμφοτέρωθεν,

479 1033 621 1121 ῥυθμοῖν
644 1039 855 1122 Πινδαρικοᾶν
901 1035 1036 1121 ἔννομον
1059 1029 1203 1123 situm,

425 1145 596 1232 εἰλιπδδην
620 1147 784 1230 σκάζοντα
808 1151 863 1212 καὶ
887 1139 925 1212 οδ
949 1147 1113 1231 σκάζοντα
1136 1147 1308 1232 τρίμετρον

478 1247 569 1322 δκτο)
596 1258 807 1331 Θουκυδίδου,
831 1257 924 1324 ἐννέα
943 1247 1125 1342 Ἡροδότου,

425 1360 602 1454 ῥητορικὸν
625 1367 746 1452 θδημα,
771 1372 885 1449 σοφῶν
908 1366 1056 1451 ἐρικυδέα
1080 1369 1177 1449 φῦλα.

267 1478 318 1541 De
342 1480 446 1560 poetis
471 1478 549 1541 infra
574 1498 681 1541 sermo
706 1479 781 1562 erit3
806 1480 971 1560 pedestres
994 1481 1167 1559 scriptores
1195 1485 1324 1559 praeter
1348 1475 1559 1538 Herodotum

265 1599 298 1651 et
321 1589 546 1669 Thucydidem
579 1589 648 1652 aliis
671 1589 749 1651 locis
780 1590 925 1652 nominat
955 1591 1128 1652 Isocratem
1152 1589 1190 1670 (E
1215 1588 1305 1651 XVII
1320 1588 1363 1670 η),
1389 1587 1560 1649 Platonem

267 1699 353 1781 (XXI
379 1713 447 1774 2⁶9,
474 1700 580 1763 XXVI
610 1717 619 1760 1
644 1732 676 1772 10,
703 1699 779 1762 XVI
804 1716 843 1779 27
862 1703 886 1781 5)
913 1699 1074 1772 „Platonis
1099 1698 1298 1780 Symposion
1322 1697 1504 1778 composita
1525 1697 1560 1758 in

264 1808 408 1892 ephebos
466 1810 583 1893 epyllia
624 1809 811 1872 continerer*
863 1810 1010 1890 (XXVIII
1041 1812 1126 1894 410),
1170 1809 1422 1888 Xenophontem
1468 1805 1560 1890 (Cyri

264 1920 499 1983 institutionem
524 1921 598 1984 Vlll
627 1934 661 2000 15
694 1925 714 2001 ).

369 2031 477 2093 Locos
506 2040 642 2094 annotat
681 2033 713 2092 in
746 2031 849 2094 indice
882 2031 1092 2095 Schenkelius
1116 2030 1285 2102 Herodoti,
1316 2028 1459 2100 Luciani,
1485 2026 1555 2088 Plu·

265 2139 382 2215 tarchi;
418 2141 531 2202 sedulo
556 2141 791 2224 inquirentibus
815 2141 949 2204 forsitan
973 2142 1080 2224 plures
1104 2142 1313 2221 reperiantur.
1521 2129 1522 2136 δ

370 2252 483 2330 ltaque
518 2271 591 2312 curn
617 2251 802 2314 Ausonium
837 2252 868 2314 in
893 2253 1091 2316 Graecorum
1123 2250 1233 2314 litteris
1257 2259 1290 2312 et
1320 2249 1427 2330 lingua
1451 2246 1557 2308 multi-

264 2359 374 2421 lariam
398 2362 565 2422 videamus
589 2371 760 2434 versatum,
787 2364 827 2423 de
852 2372 1024 2444 poetarum
1049 2361 1250 2425 Graecorum
1274 2359 1388 2422 studiis
1412 2358 1559 2419 similiter

263 2471 403 2532 iudicare
427 2471 457 2531 in
482 2481 636 2552 promptu
662 2480 728 2547 est;
766 2493 876 2535 verum
902 2483 1010 2535 tamen
1035 2473 1132 2553 longe
1156 2472 1241 2535 aliud
1266 2480 1379 2534 estex
1404 2469 1559 2551 operibus

262 2580 399 2661 uestigia
424 2601 535 2642 eorum
559 2582 756 2662 conquirere.
798 2584 881 2646 Nam
906 2604 990 2665 quae
1014 2585 1107 2646 nobis
1126 2591 1247 2648 restant
1259 2601 1363 2644 seram
1381 2578 1556 2642 editionem
1586 2659 1588 2664 Ι

264 2691 548 2772 recensionemque
594 2711 688 2772 passa
724 2702 798 2753 sunt
839 2692 938 2773 ipsius
974 2700 1110 2772 poetae,
1160 2693 1290 2772 insuper
1337 2691 1439 2753 maior
1480 2709 1556 2771 pars

262 2811 427 2863 auctorem
460 2801 561 2864 habet
596 2802 775 2863 admodum
809 2811 915 2865 aetate
953 2811 1154 2882 provectum.
1202 2801 1305 2883 Atqui
1328 2801 1397 2882 ipse
1421 2799 1481 2861 sibi
1507 2806 1557 2858 cst

262 2911 417 2983 conscius,
437 2930 533 2990 quam
557 2913 655 2974 multa
680 2922 745 2974 tam
762 2911 859 2994 longo
877 2927 1027 2992 tempore
1040 2914 1071 2974 in
1088 2913 1286 2975 oblivionem
1310 2910 1494 2980 ceciderint,
1512 2907 1550 2969 cl.

263 3020 335 3083 ΧΠῘ
351 3044 452 3088 51-55:

423 3133 593 3214 ecquando
618 3133 678 3194 ista
703 3151 794 3194 meae
818 3133 1007 3211 contingent
1033 3132 1119 3195 dona
1142 3132 1311 3196 senectae?

423 3242 554 3321 quando
578 3243 678 3305 oblita
703 3242 781 3304 mihi
807 3251 856 3304 tot
880 3243 1022 3304 carmina
1046 3251 1161 3325 totque
1184 3263 1242 3326 per
1267 3263 1381 3305 aevum

423 3371 547 3414 conexa
570 3351 731 3426 historiae,
756 3373 870 3414 soccos
891 3352 1072 3432 aulaeaque
1096 3373 1209 3434 regum

423 3472 454 3524 et
479 3461 610 3524 melicos
633 3461 815 3544 lyricosque
840 3464 954 3525 modos
979 3463 1138 3544 profando
1162 3464 1299 3526 novabis

423 3574 650 3654 obductosque
673 3573 740 3635 seni
766 3572 860 3634 facies
884 3593 1075 3652 puerascere
1098 3573 1228 3636 sensus?

370 3683 428 3744 Per
450 3703 485 3746 se
509 3684 605 3747 etiam
624 3694 714 3767 patet
741 3703 805 3746 non
830 3685 973 3745 omnium
990 3704 1103 3746 eorum
1120 3684 1313 3764 scriptorum
1331 3702 1413 3762 quos
1442 3680 1553 3760 legerit

265 3792 403 3872 vestigia
426 3795 514 3876 apud
538 3815 612 3857 eum
637 3795 768 3877 reperiri
792 3815 924 3857 necesse
948 3814 1027 3870 esse,
1052 3815 1126 3857 cum
1148 3794 1198 3856 alii
1230 3793 1342 3874 magis
1376 3791 1425 3853 alii
1450 3791 1554 3852 minus

265 3923 338 3964 eum
361 3903 536 3977 allexerint,
563 3905 652 3968 multi
684 3924 761 3968 vero
794 3906 836 3968 ab
873 3906 972 3986 ipsius
1008 3906 1135 3988 scriptis
1168 3915 1235 3969 tam
1270 3904 1368 3985 longe
1403 3901 1554 3963 recedant

266 4013 407 4087 materia,
448 4023 482 4077 ut
519 4034 575 4075 eos
611 4015 740 4096 quidem
781 4017 981 4100 exprimendi
1017 4018 1071 4080 uix
1107 4017 1215 4080 relicta
1243 4015 1391 4077 videatur
1415 4011 1551 4075 occasio.

266 4123 376 4202 ltaque
401 4144 473 4186 cum
498 4124 574 4186 mihi
598 4126 639 4187 sit
662 4127 866 4207 propositum
892 4137 926 4190 ut
950 4148 1070 4201 eruam,
1085 4128 1138 4207 qui
1163 4134 1281 4209 poetae
1306 4122 1422 4186 Graeci
1447 4123 1549 4186 Auso·

267 4234 369 4294 nianis
385 4235 521 4314 vestigia
541 4235 768 4318 impresserint,
783 4237 879 4299 video
895 4238 1022 4299 ostendi
1040 4257 1138 4321 posse
1154 4257 1219 4299 non
1235 4245 1300 4298 tam
1319 4255 1400 4315 quos
1421 4234 1552 4295 omnino

265 4344 377 4424 legerit
400 4364 497 4425 quam
522 4346 640 4424 quibus
665 4347 805 4410 maxime
828 4347 996 4421 studuerit,
1016 4357 1048 4410 et
1071 4347 1349 4430 quemadmodum
1367 4363 1449 4424 quae
1466 4343 1552 4425 apud

266 4453 335 4516 illos
359 4455 531 4517 invenisset
555 4457 584 4516 in
609 4476 703 4518 suum
722 4477 813 4520 usum
838 4458 976 4521 verterit.
1010 4457 1109 4539 Quod
1126 4478 1191 4539 quo
1208 4457 1333 4538 planius
1351 4453 1552 4535 intellegatur

266 4565 307 4626 ita
333 4565 480 4626 ordinem
516 4567 654 4640 institu0,
696 4579 730 4630 ut
766 4569 991 4649 gravissimum
1026 4570 1181 4650 quodque
1205 4568 1311 4632 locum
1336 4565 1550 4627 editissimum
