<?xml version="1.0" encoding="UTF-8"?>
<!DOCTYPE html PUBLIC "-//W3C//DTD XHTML 1.0 Transitional//EN"
    "http://www.w3.org/TR/xhtml1/DTD/xhtml1-transitional.dtd">
<html xmlns="http://www.w3.org/1999/xhtml" xml:lang="en" lang="en">
 <head>
  <title>
</title>
<meta http-equiv="Content-Type" content="text/html;charset=utf-8" />
  <meta name='ocr-system' content='tesseract 3.04.00' />
  <meta name='ocr-capabilities' content='ocr_page ocr_carea ocr_par ocr_line ocrx_word'/>
</head>
<body>
  <div class='ocr_page' id='page_1' title='image "./deausonianisstu00stahgoog_0032.png"; bbox 0 0 3296 5224; ppageno 0'>
   <div class='ocr_carea' id='block_1_1' title="bbox 746 409 785 468">
    <p class='ocr_par' dir='ltr' id='par_1_1' title="bbox 746 409 785 468">
     <span class='ocr_line' id='line_1_1' title="bbox 746 409 785 468; baseline 0 0"><span class='ocrx_word' id='word_1_1' title='bbox 746 409 785 468; x_wconf 79' lang='lat'>23</span> 
     </span>
    </p>
   </div>
   <div class='ocr_carea' id='block_1_2' title="bbox 83 615 1420 1912">
    <p class='ocr_par' dir='ltr' id='par_1_2' title="bbox 83 615 1420 1030">
     <span class='ocr_line' id='line_1_2' title="bbox 83 615 1418 698; baseline 0.004 -26"><span class='ocrx_word' id='word_1_2' title='bbox 83 633 240 675; x_wconf 90' lang='lat' dir='ltr'>nomen</span> <span class='ocrx_word' id='word_1_3' title='bbox 278 625 391 694; x_wconf 82' lang='lat' dir='ltr'>gerant</span> <span class='ocrx_word' id='word_1_4' title='bbox 429 636 530 678; x_wconf 87' lang='lat' dir='ltr'>necne</span> <span class='ocrx_word' id='word_1_5' title='bbox 567 637 765 698; x_wconf 89' lang='lat' dir='ltr'>quamquam</span> <span class='ocrx_word' id='word_1_6' title='bbox 802 617 968 698; x_wconf 87' lang='lat' dir='ltr'>disputare</span> <span class='ocrx_word' id='word_1_7' title='bbox 993 635 1057 678; x_wconf 91' lang='lat' dir='ltr'>non</span> <span class='ocrx_word' id='word_1_8' title='bbox 1092 615 1187 678; x_wconf 89' lang='lat' dir='ltr'>huius</span> <span class='ocrx_word' id='word_1_9' title='bbox 1223 616 1329 695; x_wconf 90' lang='lat' dir='ltr'>operis</span> <span class='ocrx_word' id='word_1_10' title='bbox 1354 625 1418 689; x_wconf 88' lang='lat' dir='ltr'>est,</span> 
     </span>
     <span class='ocr_line' id='line_1_3' title="bbox 85 723 1420 808; baseline 0.003 -23"><span class='ocrx_word' id='word_1_11' title='bbox 85 735 230 786; x_wconf 83' lang='lat' dir='ltr'>tamen</span> <span class='ocrx_word' id='word_1_12' title='bbox 266 745 337 786; x_wconf 88' lang='lat' dir='ltr'>mea</span> <span class='ocrx_word' id='word_1_13' title='bbox 371 728 506 806; x_wconf 89' lang='lat' dir='ltr'>quidem</span> <span class='ocrx_word' id='word_1_14' title='bbox 544 729 704 791; x_wconf 88' lang='lat' dir='ltr'>sententia</span> <span class='ocrx_word' id='word_1_15' title='bbox 740 729 816 790; x_wconf 87' lang='lat' dir='ltr'>satis</span> <span class='ocrx_word' id='word_1_16' title='bbox 847 737 937 790; x_wconf 90' lang='lat' dir='ltr'>certo</span> <span class='ocrx_word' id='word_1_17' title='bbox 967 735 1053 788; x_wconf 90' lang='lat' dir='ltr'>stant</span> <span class='ocrx_word' id='word_1_18' title='bbox 1087 746 1170 808; x_wconf 85' lang='lat' dir='ltr'>quae</span> <span class='ocrx_word' id='word_1_19' title='bbox 1197 723 1420 789; x_wconf 86' lang='lat' dir='ltr'>Schneidewin</span> 
     </span>
     <span class='ocr_line' id='line_1_4' title="bbox 88 835 1420 923; baseline 0.002 -28"><span class='ocrx_word' id='word_1_20' title='bbox 88 836 157 895; x_wconf 86' lang='lat' dir='ltr'>de</span> <span class='ocrx_word' id='word_1_21' title='bbox 196 836 241 898; x_wconf 91' lang='lat' dir='ltr'>eis</span> <span class='ocrx_word' id='word_1_22' title='bbox 276 837 425 898; x_wconf 85' lang='lat' dir='ltr'>disseruit</span> <span class='ocrx_word' id='word_1_23' title='bbox 450 838 536 920; x_wconf 84' lang='lat' dir='ltr'>(Phil.</span> <span class='ocrx_word' id='word_1_24' title='bbox 565 839 595 900; x_wconf 76' lang='lat' dir='ltr'>I1</span> <span class='ocrx_word' id='word_1_25' title='bbox 620 839 726 919; x_wconf 87' lang='lat' dir='ltr'>seqq.)</span> <span class='ocrx_word' id='word_1_26' title='bbox 754 839 813 899; x_wconf 90' lang='lat' dir='ltr'>nisi</span> <span class='ocrx_word' id='word_1_27' title='bbox 839 837 927 916; x_wconf 95' lang='lat' dir='ltr'>quod</span> <span class='ocrx_word' id='word_1_28' title='bbox 946 837 972 898; x_wconf 90' lang='lat' dir='ltr'>is</span> <span class='ocrx_word' id='word_1_29' title='bbox 989 835 1143 899; x_wconf 90' lang='lat' dir='ltr'>nonnulla</span> <span class='ocrx_word' id='word_1_30' title='bbox 1160 836 1297 900; x_wconf 84' lang='lat' dir='ltr'>sortasse</span> <span class='ocrx_word' id='word_1_31' title='bbox 1313 837 1420 923; x_wconf 86' lang='lat' dir='ltr'>minus</span> 
     </span>
     <span class='ocr_line' id='line_1_5' title="bbox 90 945 1117 1030; baseline 0.003 -24"><span class='ocrx_word' id='word_1_32' title='bbox 90 945 320 1008; x_wconf 88' lang='lat' dir='ltr'>confidenter</span> <span class='ocrx_word' id='word_1_33' title='bbox 335 947 432 1030; x_wconf 90' lang='lat' dir='ltr'>peplo</span> <span class='ocrx_word' id='word_1_34' title='bbox 450 949 611 1011; x_wconf 83' lang='lat' dir='ltr'>ascribere</span> <span class='ocrx_word' id='word_1_35' title='bbox 636 949 787 1020; x_wconf 87' lang='lat' dir='ltr'><strong>debebat,</strong></span> <span class='ocrx_word' id='word_1_36' title='bbox 813 948 1004 1011; x_wconf 85' lang='lat' dir='ltr'>Ausoniana</span> <span class='ocrx_word' id='word_1_37' title='bbox 1030 947 1117 1009; x_wconf 89' lang='lat' dir='ltr'>dico.</span> 
     </span>
    </p>

    <p class='ocr_par' dir='ltr' id='par_1_3' title="bbox 96 1056 1420 1470">
     <span class='ocr_line' id='line_1_6' title="bbox 228 1056 1420 1137; baseline 0.003 -19"><span class='ocrx_word' id='word_1_38' title='bbox 228 1057 291 1118; x_wconf 90' lang='lat' dir='ltr'>Hic</span> <span class='ocrx_word' id='word_1_39' title='bbox 315 1058 456 1136; x_wconf 90' lang='lat' dir='ltr'>paullum</span> <span class='ocrx_word' id='word_1_40' title='bbox 480 1060 576 1121; x_wconf 87' lang='lat' dir='ltr'>video</span> <span class='ocrx_word' id='word_1_41' title='bbox 610 1058 703 1120; x_wconf 89' lang='lat' dir='ltr'>nobis</span> <span class='ocrx_word' id='word_1_42' title='bbox 738 1058 957 1121; x_wconf 88' lang='lat' dir='ltr'>secedendum</span> <span class='ocrx_word' id='word_1_43' title='bbox 993 1058 1035 1120; x_wconf 90' lang='lat' dir='ltr'>ab</span> <span class='ocrx_word' id='word_1_44' title='bbox 1067 1078 1105 1120; x_wconf 86' lang='lat' dir='ltr'>ea</span> <span class='ocrx_word' id='word_1_45' title='bbox 1136 1056 1188 1118; x_wconf 88' lang='lat' dir='ltr'>via</span> <span class='ocrx_word' id='word_1_46' title='bbox 1229 1057 1420 1137; x_wconf 85' lang='lat' dir='ltr'>rationeque</span> 
     </span>
     <span class='ocr_line' id='line_1_7' title="bbox 96 1167 1419 1250; baseline 0.001 -22"><span class='ocrx_word' id='word_1_47' title='bbox 96 1187 219 1248; x_wconf 90' lang='lat' dir='ltr'>quam</span> <span class='ocrx_word' id='word_1_48' title='bbox 244 1167 350 1229; x_wconf 91' lang='lat' dir='ltr'>adhuc</span> <span class='ocrx_word' id='word_1_49' title='bbox 374 1169 474 1230; x_wconf 90' lang='lat' dir='ltr'>secuti</span> <span class='ocrx_word' id='word_1_50' title='bbox 499 1189 619 1244; x_wconf 90' lang='lat' dir='ltr'>sumus,</span> <span class='ocrx_word' id='word_1_51' title='bbox 645 1169 719 1229; x_wconf 92' lang='lat' dir='ltr'>ideo</span> <span class='ocrx_word' id='word_1_52' title='bbox 753 1169 841 1248; x_wconf 93' lang='lat' dir='ltr'>quod</span> <span class='ocrx_word' id='word_1_53' title='bbox 874 1169 943 1250; x_wconf 91' lang='lat' dir='ltr'>ipse</span> <span class='ocrx_word' id='word_1_54' title='bbox 974 1176 1083 1230; x_wconf 90' lang='lat' dir='ltr'>noster</span> <span class='ocrx_word' id='word_1_55' title='bbox 1114 1167 1191 1230; x_wconf 91' lang='lat' dir='ltr'>dicit</span> <span class='ocrx_word' id='word_1_56' title='bbox 1221 1167 1356 1229; x_wconf 89' lang='lat' dir='ltr'>vertisse</span> <span class='ocrx_word' id='word_1_57' title='bbox 1385 1188 1419 1229; x_wconf 91' lang='lat' dir='ltr'>se</span> 
     </span>
     <span class='ocr_line' id='line_1_8' title="bbox 99 1276 1419 1362; baseline 0 -23"><span class='ocrx_word' id='word_1_58' title='bbox 99 1276 267 1350; x_wconf 88' lang='lat' dir='ltr'>„Graeca</span> <span class='ocrx_word' id='word_1_59' title='bbox 291 1279 537 1358; x_wconf 86' lang='lat' dir='ltr'>epigrammata,</span> <span class='ocrx_word' id='word_1_60' title='bbox 563 1299 646 1360; x_wconf 89' lang='lat' dir='ltr'>quae</span> <span class='ocrx_word' id='word_1_61' title='bbox 677 1279 764 1358; x_wconf 88' lang='lat' dir='ltr'>apud</span> <span class='ocrx_word' id='word_1_62' title='bbox 788 1277 990 1358; x_wconf 87' lang='lat' dir='ltr'>philologum</span> <span class='ocrx_word' id='word_1_63' title='bbox 1014 1278 1178 1362; x_wconf 84' lang='lat' dir='ltr'>quendam</span> <span class='ocrx_word' id='word_1_64' title='bbox 1202 1278 1419 1357; x_wconf 80' lang='lat' dir='ltr'>repperisset“¹</span> 
     </span>
     <span class='ocr_line' id='line_1_9' title="bbox 96 1361 1417 1470; baseline 0 -22"><span class='ocrx_word' id='word_1_65' title='bbox 96 1361 224 1468; x_wconf 64' lang='lat' dir='ltr'>{XVII</span> <span class='ocrx_word' id='word_1_66' title='bbox 253 1390 290 1469; x_wconf 90' lang='lat'>1).</span> <span class='ocrx_word' id='word_1_67' title='bbox 338 1393 451 1468; x_wconf 87' lang='lat' dir='ltr'>ltaque</span> <span class='ocrx_word' id='word_1_68' title='bbox 473 1390 590 1470; x_wconf 89' lang='lat' dir='ltr'>Peplus</span> <span class='ocrx_word' id='word_1_69' title='bbox 614 1388 663 1450; x_wconf 89' lang='lat' dir='ltr'>ille</span> <span class='ocrx_word' id='word_1_70' title='bbox 687 1387 781 1450; x_wconf 93' lang='lat' dir='ltr'>nobis</span> <span class='ocrx_word' id='word_1_71' title='bbox 805 1389 1044 1468; x_wconf 90' lang='lat' dir='ltr'>comparandus</span> <span class='ocrx_word' id='word_1_72' title='bbox 1079 1396 1126 1449; x_wconf 92' lang='lat' dir='ltr'>est</span> <span class='ocrx_word' id='word_1_73' title='bbox 1159 1408 1232 1449; x_wconf 93' lang='lat' dir='ltr'>cum</span> <span class='ocrx_word' id='word_1_74' title='bbox 1259 1387 1417 1449; x_wconf 87' lang='lat' dir='ltr'>Ausonio.</span> 
     </span>
    </p>

    <p class='ocr_par' dir='ltr' id='par_1_4' title="bbox 104 1497 1418 1912">
     <span class='ocr_line' id='line_1_10' title="bbox 227 1497 1418 1580; baseline 0 -20"><span class='ocrx_word' id='word_1_75' title='bbox 227 1497 301 1578; x_wconf 83' lang='lat' dir='ltr'>Quo</span> <span class='ocrx_word' id='word_1_76' title='bbox 327 1498 412 1562; x_wconf 86' lang='lat' dir='ltr'>lacto</span> <span class='ocrx_word' id='word_1_77' title='bbox 435 1501 496 1562; x_wconf 87' lang='lat' dir='ltr'>tria</span> <span class='ocrx_word' id='word_1_78' title='bbox 532 1499 772 1580; x_wconf 87' lang='lat' dir='ltr'>distinguuntur</span> <span class='ocrx_word' id='word_1_79' title='bbox 802 1498 1042 1580; x_wconf 90' lang='lat' dir='ltr'>epitaphiorum</span> <span class='ocrx_word' id='word_1_80' title='bbox 1070 1517 1208 1578; x_wconf 86' lang='lat' dir='ltr'>genera:</span> <span class='ocrx_word' id='word_1_81' title='bbox 1242 1506 1298 1560; x_wconf 92' lang='lat' dir='ltr'>aut</span> <span class='ocrx_word' id='word_1_82' title='bbox 1333 1499 1418 1560; x_wconf 90' lang='lat' dir='ltr'>enim</span> 
     </span>
     <span class='ocr_line' id='line_1_11' title="bbox 104 1607 1416 1689; baseline 0 -19"><span class='ocrx_word' id='word_1_83' title='bbox 104 1609 284 1670; x_wconf 83' lang='lat' dir='ltr'>Ausonius</span> <span class='ocrx_word' id='word_1_84' title='bbox 307 1609 450 1672; x_wconf 89' lang='lat' dir='ltr'>imitatus</span> <span class='ocrx_word' id='word_1_85' title='bbox 473 1619 524 1672; x_wconf 87' lang='lat' dir='ltr'>est</span> <span class='ocrx_word' id='word_1_86' title='bbox 547 1609 746 1687; x_wconf 89' lang='lat' dir='ltr'>exemplaria</span> <span class='ocrx_word' id='word_1_87' title='bbox 763 1607 896 1682; x_wconf 89' lang='lat' dir='ltr'>Graeca,</span> <span class='ocrx_word' id='word_1_88' title='bbox 922 1617 977 1670; x_wconf 91' lang='lat' dir='ltr'>aut</span> <span class='ocrx_word' id='word_1_89' title='bbox 1001 1607 1063 1670; x_wconf 86' lang='lat' dir='ltr'>alia</span> <span class='ocrx_word' id='word_1_90' title='bbox 1087 1618 1186 1689; x_wconf 90' lang='lat' dir='ltr'>atque</span> <span class='ocrx_word' id='word_1_91' title='bbox 1210 1607 1261 1670; x_wconf 93' lang='lat' dir='ltr'>illa</span> <span class='ocrx_word' id='word_1_92' title='bbox 1284 1608 1416 1689; x_wconf 79' lang='lat' dir='ltr'>profert,</span> 
     </span>
     <span class='ocr_line' id='line_1_12' title="bbox 105 1718 1418 1800; baseline 0.001 -22"><span class='ocrx_word' id='word_1_93' title='bbox 105 1738 317 1799; x_wconf 88' lang='lat' dir='ltr'>quamquam</span> <span class='ocrx_word' id='word_1_94' title='bbox 344 1719 487 1781; x_wconf 88' lang='lat' dir='ltr'>eiusdem</span> <span class='ocrx_word' id='word_1_95' title='bbox 511 1719 618 1782; x_wconf 88' lang='lat' dir='ltr'>herois</span> <span class='ocrx_word' id='word_1_96' title='bbox 642 1721 674 1780; x_wconf 91' lang='lat' dir='ltr'>in</span> <span class='ocrx_word' id='word_1_97' title='bbox 698 1739 797 1800; x_wconf 94' lang='lat' dir='ltr'>quem</span> <span class='ocrx_word' id='word_1_98' title='bbox 822 1719 1048 1782; x_wconf 82' lang='lat' dir='ltr'>Ausonianum</span> <span class='ocrx_word' id='word_1_99' title='bbox 1084 1718 1195 1781; x_wconf 88' lang='lat' dir='ltr'>fictum</span> <span class='ocrx_word' id='word_1_100' title='bbox 1226 1727 1285 1792; x_wconf 87' lang='lat' dir='ltr'>est,</span> <span class='ocrx_word' id='word_1_101' title='bbox 1320 1719 1418 1780; x_wconf 91' lang='lat' dir='ltr'>etiam</span> 
     </span>
     <span class='ocr_line' id='line_1_13' title="bbox 106 1828 1417 1912; baseline -0.001 -21"><span class='ocrx_word' id='word_1_102' title='bbox 106 1828 279 1891; x_wconf 89' lang='lat' dir='ltr'>Graecum</span> <span class='ocrx_word' id='word_1_103' title='bbox 329 1830 488 1892; x_wconf 90' lang='lat' dir='ltr'>invenitur</span> <span class='ocrx_word' id='word_1_104' title='bbox 530 1829 749 1912; x_wconf 63' lang='lat' dir='ltr'>epitaphium,</span> <span class='ocrx_word' id='word_1_105' title='bbox 799 1831 927 1892; x_wconf 89' lang='lat' dir='ltr'>tertium</span> <span class='ocrx_word' id='word_1_106' title='bbox 967 1851 1043 1892; x_wconf 92' lang='lat' dir='ltr'>vero</span> <span class='ocrx_word' id='word_1_107' title='bbox 1077 1850 1179 1912; x_wconf 89' lang='lat' dir='ltr'>genus</span> <span class='ocrx_word' id='word_1_108' title='bbox 1219 1837 1268 1892; x_wconf 85' lang='lat' dir='ltr'>est</span> <span class='ocrx_word' id='word_1_109' title='bbox 1307 1849 1417 1891; x_wconf 91' lang='lat' dir='ltr'>eorum</span> 
     </span>
    </p>
   </div>
   <div class='ocr_carea' id='block_1_3' title="bbox 108 1938 1418 2114">
    <p class='ocr_par' dir='ltr' id='par_1_5' title="bbox 108 1938 1418 2114">
     <span class='ocr_line' id='line_1_14' title="bbox 108 1938 1418 2022; baseline 0.001 -22"><span class='ocrx_word' id='word_1_110' title='bbox 108 1941 255 2001; x_wconf 82' lang='lat' dir='ltr'>Ausonii</span> <span class='ocrx_word' id='word_1_111' title='bbox 290 1940 560 2020; x_wconf 78' lang='lat' dir='ltr'>epigrammatum</span> <span class='ocrx_word' id='word_1_112' title='bbox 593 1960 731 2019; x_wconf 91' lang='lat' dir='ltr'>quorum</span> <span class='ocrx_word' id='word_1_113' title='bbox 765 1941 898 2003; x_wconf 91' lang='lat' dir='ltr'>omnino</span> <span class='ocrx_word' id='word_1_114' title='bbox 933 1941 1105 2022; x_wconf 89' lang='lat' dir='ltr'>vestigium</span> <span class='ocrx_word' id='word_1_115' title='bbox 1131 1938 1293 2003; x_wconf 90' lang='lat' dir='ltr'>Graecum</span> <span class='ocrx_word' id='word_1_116' title='bbox 1328 1949 1418 2002; x_wconf 88' lang='lat' dir='ltr'>extat</span> 
     </span>
     <span class='ocr_line' id='line_1_15' title="bbox 110 2049 252 2114; baseline 0.028 -4"><span class='ocrx_word' id='word_1_117' title='bbox 110 2049 252 2114; x_wconf 64' lang='lat' dir='ltr'>nfflfflm.</span> 
     </span>
    </p>
   </div>
   <div class='ocr_carea' id='block_1_4' title="bbox 10 2159 1416 4565">
    <p class='ocr_par' dir='ltr' id='par_1_6' title="bbox 224 2159 1411 2242">
     <span class='ocr_line' id='line_1_16' title="bbox 224 2159 1411 2242; baseline 0.001 -21"><span class='ocrx_word' id='word_1_118' title='bbox 224 2159 291 2222; x_wconf 86' lang='lat' dir='ltr'>Sed</span> <span class='ocrx_word' id='word_1_119' title='bbox 313 2160 375 2222; x_wconf 91' lang='lat' dir='ltr'>hoc</span> <span class='ocrx_word' id='word_1_120' title='bbox 398 2163 528 2223; x_wconf 92' lang='lat' dir='ltr'>tertium</span> <span class='ocrx_word' id='word_1_121' title='bbox 552 2182 654 2242; x_wconf 88' lang='lat' dir='ltr'>genus</span> <span class='ocrx_word' id='word_1_122' title='bbox 677 2181 742 2222; x_wconf 93' lang='lat' dir='ltr'>non</span> <span class='ocrx_word' id='word_1_123' title='bbox 768 2182 800 2223; x_wconf 91' lang='lat' dir='ltr'>re</span> <span class='ocrx_word' id='word_1_124' title='bbox 825 2162 967 2234; x_wconf 81' lang='lat' dir='ltr'>fortasse,</span> <span class='ocrx_word' id='word_1_125' title='bbox 1004 2161 1061 2223; x_wconf 89' lang='lat' dir='ltr'>sed</span> <span class='ocrx_word' id='word_1_126' title='bbox 1087 2180 1175 2222; x_wconf 91' lang='lat' dir='ltr'>mero</span> <span class='ocrx_word' id='word_1_127' title='bbox 1200 2181 1275 2223; x_wconf 87' lang='lat' dir='ltr'>casu</span> <span class='ocrx_word' id='word_1_128' title='bbox 1307 2161 1411 2222; x_wconf 89' lang='lat' dir='ltr'>coacti</span> 
     </span>
    </p>

    <p class='ocr_par' dir='ltr' id='par_1_7' title="bbox 10 2259 1415 2352">
     <span class='ocr_line' id='line_1_17' title="bbox 10 2259 1415 2352; baseline -0.001 -20"><span class='ocrx_word' id='word_1_129' title='bbox 10 2303 21 2342; x_wconf 69' lang='grc' dir='ltr'>ι,</span> <span class='ocrx_word' id='word_1_130' title='bbox 111 2291 229 2332; x_wconf 90' lang='lat' dir='ltr'>sumus</span> <span class='ocrx_word' id='word_1_131' title='bbox 253 2291 384 2351; x_wconf 87' lang='lat' dir='ltr'>ponere,</span> <span class='ocrx_word' id='word_1_132' title='bbox 410 2272 563 2352; x_wconf 88' lang='lat' dir='ltr'>quoniam</span> <span class='ocrx_word' id='word_1_133' title='bbox 588 2292 625 2332; x_wconf 83' lang='lat' dir='ltr'>ea</span> <span class='ocrx_word' id='word_1_134' title='bbox 665 2291 747 2350; x_wconf 90' lang='lat' dir='ltr'>quae</span> <span class='ocrx_word' id='word_1_135' title='bbox 786 2271 826 2332; x_wconf 91' lang='lat' dir='ltr'>de</span> <span class='ocrx_word' id='word_1_136' title='bbox 863 2271 962 2352; x_wconf 92' lang='lat' dir='ltr'>Peplo</span> <span class='ocrx_word' id='word_1_137' title='bbox 1009 2272 1051 2333; x_wconf 88' lang='lat' dir='ltr'>ad</span> <span class='ocrx_word' id='word_1_138' title='bbox 1091 2279 1234 2334; x_wconf 88' lang='lat' dir='ltr'>nostram</span> <span class='ocrx_word' id='word_1_139' title='bbox 1273 2259 1415 2332; x_wconf 88' lang='lat' dir='ltr'>aetatem</span> 
     </span>
    </p>

    <p class='ocr_par' dir='ltr' id='par_1_8' title="bbox 113 2381 1415 2465">
     <span class='ocr_line' id='line_1_18' title="bbox 113 2381 1415 2465; baseline 0 -24"><span class='ocrx_word' id='word_1_140' title='bbox 113 2401 216 2461; x_wconf 91' lang='lat' dir='ltr'>perve</span> <span class='ocrx_word' id='word_1_141' title='bbox 242 2391 356 2444; x_wconf 90' lang='lat' dir='ltr'>nerunt</span> <span class='ocrx_word' id='word_1_142' title='bbox 381 2391 491 2461; x_wconf 90' lang='lat' dir='ltr'>aperte</span> <span class='ocrx_word' id='word_1_143' title='bbox 514 2401 629 2444; x_wconf 87' lang='lat' dir='ltr'>manca</span> <span class='ocrx_word' id='word_1_144' title='bbox 653 2391 743 2465; x_wconf 82' lang='lat' dir='ltr'>sunt3</span> <span class='ocrx_word' id='word_1_145' title='bbox 778 2381 867 2460; x_wconf 93' lang='lat' dir='ltr'>quod</span> <span class='ocrx_word' id='word_1_146' title='bbox 898 2383 924 2442; x_wconf 92' lang='lat' dir='ltr'>si</span> <span class='ocrx_word' id='word_1_147' title='bbox 946 2401 1012 2444; x_wconf 93' lang='lat' dir='ltr'>non</span> <span class='ocrx_word' id='word_1_148' title='bbox 1036 2382 1079 2444; x_wconf 87' lang='lat' dir='ltr'>ita</span> <span class='ocrx_word' id='word_1_149' title='bbox 1102 2402 1136 2443; x_wconf 90' lang='lat' dir='ltr'>se</span> <span class='ocrx_word' id='word_1_150' title='bbox 1158 2381 1301 2454; x_wconf 88' lang='lat' dir='ltr'>haberet,</span> <span class='ocrx_word' id='word_1_151' title='bbox 1328 2381 1415 2443; x_wconf 86' lang='lat' dir='ltr'>haud</span> 
     </span>
    </p>

    <p class='ocr_par' dir='ltr' id='par_1_9' title="bbox 112 2491 1416 2683">
     <span class='ocr_line' id='line_1_19' title="bbox 114 2491 1416 2573; baseline 0.002 -21"><span class='ocrx_word' id='word_1_152' title='bbox 114 2491 185 2552; x_wconf 89' lang='lat' dir='ltr'>scio</span> <span class='ocrx_word' id='word_1_153' title='bbox 208 2512 249 2553; x_wconf 90' lang='lat' dir='ltr'>an</span> <span class='ocrx_word' id='word_1_154' title='bbox 272 2500 379 2553; x_wconf 93' lang='lat' dir='ltr'>totum</span> <span class='ocrx_word' id='word_1_155' title='bbox 404 2502 618 2565; x_wconf 87' lang='lat' dir='ltr'>evanesceret,</span> <span class='ocrx_word' id='word_1_156' title='bbox 651 2512 725 2554; x_wconf 89' lang='lat' dir='ltr'>cum</span> <span class='ocrx_word' id='word_1_157' title='bbox 761 2492 998 2572; x_wconf 85' lang='lat' dir='ltr'>epigrammata</span> <span class='ocrx_word' id='word_1_158' title='bbox 1031 2493 1098 2554; x_wconf 90' lang='lat' dir='ltr'>eius</span> <span class='ocrx_word' id='word_1_159' title='bbox 1130 2502 1186 2554; x_wconf 91' lang='lat' dir='ltr'>aut</span> <span class='ocrx_word' id='word_1_160' title='bbox 1219 2492 1325 2573; x_wconf 92' lang='lat' dir='ltr'>primo</span> <span class='ocrx_word' id='word_1_161' title='bbox 1360 2501 1416 2555; x_wconf 86' lang='lat' dir='ltr'>aut</span> 
     </span>
     <span class='ocr_line' id='line_1_20' title="bbox 112 2602 698 2683; baseline 0 -21"><span class='ocrx_word' id='word_1_162' title='bbox 112 2602 259 2663; x_wconf 83' lang='lat' dir='ltr'>secundo</span> <span class='ocrx_word' id='word_1_163' title='bbox 282 2603 391 2683; x_wconf 84' lang='lat' dir='ltr'>generi</span> <span class='ocrx_word' id='word_1_164' title='bbox 415 2602 531 2665; x_wconf 84' lang='lat' dir='ltr'>ascribi</span> <span class='ocrx_word' id='word_1_165' title='bbox 555 2611 698 2682; x_wconf 88' lang='lat' dir='ltr'>possent.</span> 
     </span>
    </p>

    <p class='ocr_par' dir='ltr' id='par_1_10' title="bbox 223 2711 821 2794">
     <span class='ocr_line' id='line_1_21' title="bbox 223 2711 821 2794; baseline 0.002 -21"><span class='ocrx_word' id='word_1_166' title='bbox 223 2713 334 2792; x_wconf 87' lang='lat' dir='ltr'>Atque</span> <span class='ocrx_word' id='word_1_167' title='bbox 358 2713 452 2793; x_wconf 88' lang='lat' dir='ltr'>primi</span> <span class='ocrx_word' id='word_1_168' title='bbox 477 2713 604 2794; x_wconf 87' lang='lat' dir='ltr'>generis</span> <span class='ocrx_word' id='word_1_169' title='bbox 627 2721 701 2774; x_wconf 90' lang='lat' dir='ltr'>sunt</span> <span class='ocrx_word' id='word_1_170' title='bbox 725 2711 821 2774; x_wconf 90' lang='lat' dir='ltr'>haec:</span> 
     </span>
    </p>

    <p class='ocr_par' dir='ltr' id='par_1_11' title="bbox 223 2823 437 2892">
     <span class='ocr_line' id='line_1_22' title="bbox 223 2823 437 2892; baseline 0 -8"><span class='ocrx_word' id='word_1_171' title='bbox 223 2823 303 2885; x_wconf 84' lang='lat' dir='ltr'>Aus,</span> <span class='ocrx_word' id='word_1_172' title='bbox 327 2823 437 2892; x_wconf 79' lang='lat' dir='ltr'>XVII,</span> 
     </span>
    </p>

    <p class='ocr_par' dir='ltr' id='par_1_12' title="bbox 277 2933 1120 3126">
     <span class='ocr_line' id='line_1_23' title="bbox 277 2933 1120 3015; baseline 0.001 -21"><span class='ocrx_word' id='word_1_173' title='bbox 277 2934 308 2994; x_wconf 77' lang='lat' dir='ltr'><strong>A</strong></span> <span class='ocrx_word' id='word_1_174' title='bbox 323 2935 437 2996; x_wconf 90' lang='lat' dir='ltr'>iacis</span> <span class='ocrx_word' id='word_1_175' title='bbox 460 2933 585 2996; x_wconf 84' lang='lat' dir='ltr'>tumulo</span> <span class='ocrx_word' id='word_1_176' title='bbox 608 2934 726 3015; x_wconf 87' lang='lat' dir='ltr'>pariter</span> <span class='ocrx_word' id='word_1_177' title='bbox 749 2943 844 3015; x_wconf 87' lang='lat' dir='ltr'>tegor</span> <span class='ocrx_word' id='word_1_178' title='bbox 869 2935 985 2996; x_wconf 90' lang='lat' dir='ltr'>obruta</span> <span class='ocrx_word' id='word_1_179' title='bbox 1009 2934 1120 2997; x_wconf 90' lang='lat' dir='ltr'>Virtus</span> 
     </span>
     <span class='ocr_line' id='line_1_24' title="bbox 330 3043 987 3126; baseline 0.002 -21"><span class='ocrx_word' id='word_1_180' title='bbox 330 3045 537 3107; x_wconf 89' lang='lat' dir='ltr'>inlacrimans</span> <span class='ocrx_word' id='word_1_181' title='bbox 560 3045 663 3107; x_wconf 92' lang='lat' dir='ltr'>bustis</span> <span class='ocrx_word' id='word_1_182' title='bbox 688 3043 806 3106; x_wconf 78' lang='lat' dir='ltr'>funeris</span> <span class='ocrx_word' id='word_1_183' title='bbox 831 3044 900 3126; x_wconf 91' lang='lat' dir='ltr'>ipsa</span> <span class='ocrx_word' id='word_1_184' title='bbox 924 3045 987 3106; x_wconf 91' lang='lat' dir='ltr'>mei</span> 
     </span>
    </p>

    <p class='ocr_par' dir='ltr' id='par_1_13' title="bbox 278 3155 1170 3346">
     <span class='ocr_line' id='line_1_25' title="bbox 278 3155 1170 3236; baseline 0.001 -21"><span class='ocrx_word' id='word_1_185' title='bbox 278 3155 462 3236; x_wconf 91' lang='lat' dir='ltr'>incomptas</span> <span class='ocrx_word' id='word_1_186' title='bbox 485 3155 626 3216; x_wconf 87' lang='lat' dir='ltr'>lacerata</span> <span class='ocrx_word' id='word_1_187' title='bbox 651 3174 762 3216; x_wconf 89' lang='lat' dir='ltr'>comas</span> <span class='ocrx_word' id='word_1_188' title='bbox 784 3155 873 3236; x_wconf 96' lang='lat' dir='ltr'>quod</span> <span class='ocrx_word' id='word_1_189' title='bbox 896 3175 1012 3236; x_wconf 89' lang='lat' dir='ltr'>pravus</span> <span class='ocrx_word' id='word_1_190' title='bbox 1036 3155 1170 3218; x_wconf 87' lang='lat' dir='ltr'>Atrides</span> 
     </span>
     <span class='ocr_line' id='line_1_26' title="bbox 328 3264 1006 3346; baseline -0.001 -19"><span class='ocrx_word' id='word_1_191' title='bbox 328 3266 443 3328; x_wconf 90' lang='lat' dir='ltr'>cedere</span> <span class='ocrx_word' id='word_1_192' title='bbox 468 3285 519 3326; x_wconf 87' lang='lat' dir='ltr'>me</span> <span class='ocrx_word' id='word_1_193' title='bbox 544 3265 672 3326; x_wconf 88' lang='lat' dir='ltr'>structis</span> <span class='ocrx_word' id='word_1_194' title='bbox 697 3264 855 3346; x_wconf 92' lang='lat' dir='ltr'>compluit</span> <span class='ocrx_word' id='word_1_195' title='bbox 877 3264 1006 3326; x_wconf 81' lang='lat' dir='ltr'>insidiis</span> 
     </span>
    </p>

    <p class='ocr_par' dir='ltr' id='par_1_14' title="bbox 275 3374 1161 3566">
     <span class='ocr_line' id='line_1_27' title="bbox 275 3374 1161 3458; baseline 0.001 -23"><span class='ocrx_word' id='word_1_196' title='bbox 275 3376 338 3436; x_wconf 91' lang='lat' dir='ltr'>iam</span> <span class='ocrx_word' id='word_1_197' title='bbox 363 3376 448 3438; x_wconf 90' lang='lat' dir='ltr'>dabo</span> <span class='ocrx_word' id='word_1_198' title='bbox 469 3395 668 3458; x_wconf 90' lang='lat' dir='ltr'>purpureum</span> <span class='ocrx_word' id='word_1_199' title='bbox 693 3375 779 3436; x_wconf 89' lang='lat' dir='ltr'>claro</span> <span class='ocrx_word' id='word_1_200' title='bbox 804 3375 844 3436; x_wconf 83' lang='lat' dir='ltr'>cle</span> <span class='ocrx_word' id='word_1_201' title='bbox 870 3377 1026 3456; x_wconf 86' lang='lat' dir='ltr'>sanguine</span> <span class='ocrx_word' id='word_1_202' title='bbox 1050 3374 1161 3437; x_wconf 90' lang='lat' dir='ltr'>florem</span> 
     </span>
     <span class='ocr_line' id='line_1_28' title="bbox 329 3485 953 3566; baseline 0.002 -18"><span class='ocrx_word' id='word_1_203' title='bbox 329 3495 504 3549; x_wconf 89' lang='lat' dir='ltr'>testantem</span> <span class='ocrx_word' id='word_1_204' title='bbox 529 3486 652 3566; x_wconf 86' lang='lat' dir='ltr'>gemitu</span> <span class='ocrx_word' id='word_1_205' title='bbox 677 3485 814 3547; x_wconf 91' lang='lat' dir='ltr'>crimina</span> <span class='ocrx_word' id='word_1_206' title='bbox 838 3485 953 3550; x_wconf 91' lang='lat' dir='ltr'>iudicii.</span> 
     </span>
    </p>

    <p class='ocr_par' dir='ltr' id='par_1_15' title="bbox 275 3594 1009 3678">
     <span class='ocr_line' id='line_1_29' title="bbox 275 3594 1009 3678; baseline -0.001 -21"><span class='ocrx_word' id='word_1_207' title='bbox 275 3595 370 3658; x_wconf 85' lang='lat' dir='ltr'>Arist.</span> <span class='ocrx_word' id='word_1_208' title='bbox 398 3595 484 3678; x_wconf 83' lang='lat' dir='ltr'>pepl.</span> <span class='ocrx_word' id='word_1_209' title='bbox 510 3597 551 3659; x_wconf 87' lang='lat' dir='ltr'>ed</span> <span class='ocrx_word' id='word_1_210' title='bbox 575 3595 798 3659; x_wconf 81' lang='lat' dir='ltr'>Schneidewin</span> <span class='ocrx_word' id='word_1_211' title='bbox 822 3594 912 3678; x_wconf 80' lang='lat' dir='ltr'>(Phil.</span> <span class='ocrx_word' id='word_1_212' title='bbox 938 3596 965 3678; x_wconf 90' lang='grc' dir='ltr'>Ι)</span> <span class='ocrx_word' id='word_1_213' title='bbox 992 3611 1009 3675; x_wconf 92' lang='lat'><em>7</em></span> 
     </span>
    </p>

    <p class='ocr_par' dir='ltr' id='par_1_16' title="bbox 266 3697 1139 3901">
     <span class='ocr_line' id='line_1_30' title="bbox 266 3697 1139 3792; baseline 0.002 -24"><span class='ocrx_word' id='word_1_214' title='bbox 266 3697 325 3769; x_wconf 71' lang='lat' dir='ltr'>[ld</span> <span class='ocrx_word' id='word_1_215' title='bbox 349 3704 412 3789; x_wconf 79' lang='grc' dir='ltr'>ἐγὼ</span> <span class='ocrx_word' id='word_1_216' title='bbox 436 3701 456 3769; x_wconf 83' lang='lat' dir='ltr'>ci</span> <span class='ocrx_word' id='word_1_217' title='bbox 482 3706 618 3790; x_wconf 80' lang='grc' dir='ltr'><em>τλάμων</em></span> <span class='ocrx_word' id='word_1_218' title='bbox 632 3697 743 3790; x_wconf 71' lang='grc' dir='ltr'><em>Άμετά</em></span> <span class='ocrx_word' id='word_1_219' title='bbox 766 3705 857 3792; x_wconf 82' lang='grc' dir='ltr'><em>τιαμά</em></span> <span class='ocrx_word' id='word_1_220' title='bbox 882 3706 968 3790; x_wconf 77' lang='grc' dir='ltr'><em>τῷδε</em></span> <span class='ocrx_word' id='word_1_221' title='bbox 991 3705 1139 3792; x_wconf 79' lang='grc' dir='ltr'><em>κάθημαι</em></span> 
     </span>
     <span class='ocr_line' id='line_1_31' title="bbox 329 3811 1017 3901; baseline 0 -21"><span class='ocrx_word' id='word_1_222' title='bbox 329 3815 473 3892; x_wconf 77' lang='grc' dir='ltr'><em>Αἴαντος</em></span> <span class='ocrx_word' id='word_1_223' title='bbox 495 3811 609 3900; x_wconf 77' lang='grc' dir='ltr'><em>τύμβῳ</em></span> <span class='ocrx_word' id='word_1_224' title='bbox 633 3818 803 3901; x_wconf 80' lang='grc' dir='ltr'><em>κειρομένα</em></span> <span class='ocrx_word' id='word_1_225' title='bbox 825 3817 1017 3900; x_wconf 76' lang='grc' dir='ltr'><em>πλοκάμους</em></span> 
     </span>
    </p>

    <p class='ocr_par' dir='ltr' id='par_1_17' title="bbox 276 3917 1123 4123">
     <span class='ocr_line' id='line_1_32' title="bbox 276 3917 1102 4012; baseline 0.005 -24"><span class='ocrx_word' id='word_1_226' title='bbox 276 3925 384 4008; x_wconf 75' lang='grc' dir='ltr'><em>θυμὸν</em></span> <span class='ocrx_word' id='word_1_227' title='bbox 408 3920 474 4008; x_wconf 79' lang='grc' dir='ltr'><em>ἄχει</em></span> <span class='ocrx_word' id='word_1_228' title='bbox 497 3925 630 4011; x_wconf 81' lang='grc' dir='ltr'><em>μεγάλῳ</em></span> <span class='ocrx_word' id='word_1_229' title='bbox 652 3927 840 4012; x_wconf 79' lang='grc' dir='ltr'><em>βεβλημένα,</em></span> <span class='ocrx_word' id='word_1_230' title='bbox 865 3926 956 4011; x_wconf 76' lang='grc' dir='ltr'><em>εἴπερ</em></span> <span class='ocrx_word' id='word_1_231' title='bbox 971 3917 1102 4010; x_wconf 65' lang='grc' dir='ltr'><em>Ἀχαιοῖς</em></span> 
     </span>
     <span class='ocr_line' id='line_1_33' title="bbox 327 4027 1123 4123; baseline -0.003 -22"><span class='ocrx_word' id='word_1_232' title='bbox 327 4033 347 4100; x_wconf 87' lang='grc' dir='ltr'><em>ά</em></span> <span class='ocrx_word' id='word_1_233' title='bbox 370 4035 546 4122; x_wconf 78' lang='grc' dir='ltr'><em>δολόφμοιο</em></span> <span class='ocrx_word' id='word_1_234' title='bbox 560 4027 684 4103; x_wconf 67' lang='lat' dir='ltr'>haltra</span> <span class='ocrx_word' id='word_1_235' title='bbox 708 4037 843 4122; x_wconf 76' lang='grc' dir='ltr'><em>κρέσσον</em></span> <span class='ocrx_word' id='word_1_236' title='bbox 866 4035 944 4120; x_wconf 78' lang='grc' dir='ltr'><em>ἐμοῦ</em></span> <span class='ocrx_word' id='word_1_237' title='bbox 967 4037 1123 4123; x_wconf 77' lang='grc' dir='ltr'><em>κέκριται.</em></span> 
     </span>
    </p>

    <p class='ocr_par' dir='ltr' id='par_1_18' title="bbox 116 4147 1410 4565">
     <span class='ocr_line' id='line_1_34' title="bbox 220 4147 1406 4230; baseline 0.002 -20"><span class='ocrx_word' id='word_1_238' title='bbox 220 4149 353 4230; x_wconf 89' lang='lat' dir='ltr'>Legitur</span> <span class='ocrx_word' id='word_1_239' title='bbox 388 4149 487 4230; x_wconf 83' lang='lat' dir='ltr'>epigr.</span> <span class='ocrx_word' id='word_1_240' title='bbox 513 4147 674 4212; x_wconf 89' lang='lat' dir='ltr'>Graecum</span> <span class='ocrx_word' id='word_1_241' title='bbox 708 4150 739 4210; x_wconf 91' lang='lat' dir='ltr'>in</span> <span class='ocrx_word' id='word_1_242' title='bbox 772 4148 898 4229; x_wconf 87' lang='lat' dir='ltr'>sylloga</span> <span class='ocrx_word' id='word_1_243' title='bbox 928 4148 1112 4211; x_wconf 91' lang='lat' dir='ltr'>Florentina</span> <span class='ocrx_word' id='word_1_244' title='bbox 1143 4149 1195 4230; x_wconf 86' lang='lat' dir='ltr'>(cf.</span> <span class='ocrx_word' id='word_1_245' title='bbox 1234 4149 1406 4212; x_wconf 88' lang='lat' dir='ltr'>Schneide-</span> 
     </span>
     <span class='ocr_line' id='line_1_35' title="bbox 116 4247 1410 4343; baseline 0.005 -28"><span class='ocrx_word' id='word_1_246' title='bbox 116 4259 174 4319; x_wconf 87' lang='lat' dir='ltr'>win</span> <span class='ocrx_word' id='word_1_247' title='bbox 199 4259 215 4320; x_wconf 91' lang='lat' dir='ltr'>l.</span> <span class='ocrx_word' id='word_1_248' title='bbox 243 4258 286 4338; x_wconf 85' lang='lat' dir='ltr'>l),</span> <span class='ocrx_word' id='word_1_249' title='bbox 313 4259 344 4320; x_wconf 95' lang='lat' dir='ltr'>in</span> <span class='ocrx_word' id='word_1_250' title='bbox 367 4259 455 4326; x_wconf 86' lang='lat' dir='ltr'>anth.</span> <span class='ocrx_word' id='word_1_251' title='bbox 480 4259 623 4322; x_wconf 86' lang='lat' dir='ltr'>Palatina</span> <span class='ocrx_word' id='word_1_252' title='bbox 647 4260 707 4323; x_wconf 92' lang='lat' dir='ltr'>VII</span> <span class='ocrx_word' id='word_1_253' title='bbox 736 4271 793 4337; x_wconf 82' lang='lat'>145</span> <span class='ocrx_word' id='word_1_254' title='bbox 812 4247 1059 4343; x_wconf 63' lang='grc' dir='ltr'><em>Ἀσκληπιάδου,</em></span> <span class='ocrx_word' id='word_1_255' title='bbox 1085 4262 1174 4341; x_wconf 89' lang='lat' dir='ltr'>apud</span> <span class='ocrx_word' id='word_1_256' title='bbox 1190 4260 1343 4322; x_wconf 86' lang='lat' dir='ltr'>Tzctzam</span> <span class='ocrx_word' id='word_1_257' title='bbox 1368 4261 1410 4322; x_wconf 86' lang='lat' dir='ltr'>ad</span> 
     </span>
     <span class='ocr_line' id='line_1_36' title="bbox 117 4368 1409 4451; baseline 0.001 -21"><span class='ocrx_word' id='word_1_258' title='bbox 117 4369 277 4431; x_wconf 88' lang='lat' dir='ltr'>Posthom.</span> <span class='ocrx_word' id='word_1_259' title='bbox 315 4372 390 4450; x_wconf 87' lang='lat'>489,</span> <span class='ocrx_word' id='word_1_260' title='bbox 428 4370 627 4432; x_wconf 89' lang='lat' dir='ltr'>variantibus</span> <span class='ocrx_word' id='word_1_261' title='bbox 652 4390 669 4430; x_wconf 93' lang='lat' dir='ltr'>e</span> <span class='ocrx_word' id='word_1_262' title='bbox 693 4378 784 4451; x_wconf 89' lang='lat' dir='ltr'>parte</span> <span class='ocrx_word' id='word_1_263' title='bbox 808 4368 1009 4444; x_wconf 67' lang='lat' dir='ltr'>lectionibus</span> <span class='ocrx_word' id='word_1_264' title='bbox 1048 4370 1105 4432; x_wconf 91' lang='lat' dir='ltr'>sed</span> <span class='ocrx_word' id='word_1_265' title='bbox 1140 4379 1248 4434; x_wconf 90' lang='lat' dir='ltr'>noster</span> <span class='ocrx_word' id='word_1_266' title='bbox 1281 4370 1409 4433; x_wconf 89' lang='lat' dir='ltr'>liberius</span> 
     </span>
     <span class='ocr_line' id='line_1_37' title="bbox 117 4473 1409 4565; baseline 0.005 -25"><span class='ocrx_word' id='word_1_267' title='bbox 117 4479 215 4553; x_wconf 84' lang='lat' dir='ltr'>vertit,</span> <span class='ocrx_word' id='word_1_268' title='bbox 241 4499 339 4563; x_wconf 91' lang='lat' dir='ltr'>quam</span> <span class='ocrx_word' id='word_1_269' title='bbox 363 4489 398 4541; x_wconf 93' lang='lat' dir='ltr'>ut</span> <span class='ocrx_word' id='word_1_270' title='bbox 422 4488 562 4544; x_wconf 88' lang='lat' dir='ltr'>statuere</span> <span class='ocrx_word' id='word_1_271' title='bbox 586 4483 757 4563; x_wconf 78' lang='lat' dir='ltr'>possimne,</span> <span class='ocrx_word' id='word_1_272' title='bbox 784 4487 891 4544; x_wconf 89' lang='lat' dir='ltr'>utrum</span> <span class='ocrx_word' id='word_1_273' title='bbox 915 4501 945 4547; x_wconf 89' lang='lat' dir='ltr'>v.</span> <span class='ocrx_word' id='word_1_274' title='bbox 972 4496 993 4556; x_wconf 90' lang='lat'>4</span> <span class='ocrx_word' id='word_1_275' title='bbox 1016 4473 1154 4548; x_wconf 78' lang='grc' dir='ltr'><em>δύναται</em></span> <span class='ocrx_word' id='word_1_276' title='bbox 1186 4500 1226 4544; x_wconf 91' lang='lat' dir='ltr'>an</span> <span class='ocrx_word' id='word_1_277' title='bbox 1261 4479 1409 4565; x_wconf 77' lang='grc' dir='ltr'><em>κέκριται</em></span> 
     </span>
    </p>
   </div>
   <div class='ocr_carea' id='block_1_5' title="bbox 0 0 1694 5224">
    <p class='ocr_par' dir='ltr' id='par_1_19' title="bbox 0 0 1694 5224">
     <span class='ocr_line' id='line_1_38' title="bbox 0 0 1694 5224; baseline 0 0"><span class='ocrx_word' id='word_1_278' title='bbox 0 0 1694 5224; x_wconf 95' lang='lat' dir='ltr'> </span> 
     </span>
    </p>
   </div>
  </div>
 </body>
</html>
