3296 5224
870 407 912 468 38

781 493 991 502 -.-..-.--..—

238 636 366 697 semper
391 633 652 694 unumquemque
676 615 869 693 exemplaris
892 615 998 676 locum
1024 613 1256 694 exprimentem
1284 611 1435 682 uidemus
1473 630 1562 690 qua
1631 641 1632 678 (

180 800 187 810 ἱ
239 727 279 787 de
304 746 387 786 reu.
415 745 444 805 p.
470 742 522 802 43.

347 835 458 896 Restat
481 843 515 894 ut
538 853 730 912 quaeramus
755 833 807 894 ubi
833 834 996 894 Ausonius
1021 831 1145 894 Graeca
1174 832 1338 894 invenerit.
1379 830 1552 910 Namque
1631 857 1632 906 3

240 964 257 1003 a
282 943 495 1005 Constantino
520 942 663 1022 Cephala
688 943 773 1004 unde
796 963 945 1024 quaeque
969 944 1122 1024 decerpta
1146 941 1351 1020 anthologiae
1369 939 1548 1002 Palatinae

241 1056 358 1115 inserta
381 1055 452 1125 sint,
487 1062 561 1134 post
587 1053 782 1114 Passowium
806 1063 879 1114 cett.
916 1053 1076 1134 Weigand
1102 1053 1144 1114 ita
1169 1052 1260 1124 eruit,
1296 1061 1332 1112 ut
1355 1050 1553 1112 admodum

242 1184 346 1244 pauca
369 1175 457 1226 certo
481 1163 554 1224 loeo
580 1174 719 1234 careant,
751 1172 858 1224 cetera
889 1162 930 1222 ad
963 1172 1089 1224 veteres
1121 1161 1327 1240 anthologias
1350 1179 1551 1222 coronasve

242 1284 392 1334 revocata
415 1274 486 1336 sint.
536 1272 644 1352 Quem
674 1273 699 1332 si
733 1273 898 1352 sequimur
929 1272 959 1334 in
992 1273 1037 1332 eis
1067 1292 1150 1353 quae
1174 1272 1205 1332 in
1229 1291 1297 1332 nov.
1327 1270 1406 1332 nus.
1431 1269 1550 1330 Rhen.

243 1382 283 1442 lll
307 1401 336 1460 p.
368 1398 421 1461 171
450 1401 539 1462 seqq.
569 1396 625 1459 541
655 1401 743 1462 seqq.
768 1382 904 1460 exponit
931 1403 948 1443 e

675 1491 905 1572 Meleagri
935 1512 1110 1554 corona

244 1603 407 1663 Ausonius
443 1604 636 1681 expressitl)
674 1603 909 1682 epigrammata
943 1601 1105 1683 Antipatri
1141 1601 1273 1668 Sidonii.
1311 1601 1547 1682 Asclepiadae,

245 1713 399 1774 Demetrii
423 1711 551 1790 Bithyni
567 1711 738 1791 (Weigand
754 1731 784 1790 p.
808 1721 891 1791 177),
911 1712 1130 1783 Dioscoridae‚
1149 1710 1326 1791 (Leonidae
1343 1710 1545 1791 Tarentini),

243 1821 392 1900 (Cratetis
416 1821 537 1901 Cynici,
565 1822 701 1883 Platonis
726 1821 871 1904 Comici),
897 1820 1069 1902 Posidippi‚
1095 1820 1295 1901 (Heracleti)3

666 1952 683 1992 e
718 1931 930 2012 Philippi
959 1951 1134 1992 corona

244 2061 317 2122 epp.
364 2042 537 2121 (Antipatri
577 2041 896 2120 Thessalonicensis),
938 2041 1096 2122 Antiphili
1137 2041 1289 2121 Byzantii,
1340 2041 1543 2123 (Polemonis

243 2151 375 2220 Pontici,
401 2151 440 2212 cl.
460 2151 620 2230 Weigand
643 2151 661 2219 l,
688 2154 705 2212 l.
734 2155 804 2228 548,
829 2153 883 2231 qui
902 2151 967 2212 Vsa
986 2151 1107 2211 mavult
1124 2151 1247 2212 Lucilio
1270 2153 1367 2234 dare),
1386 2151 1542 2232 (Statyllii

245 2259 377 2343 Flacci);

570 2349 1217 2431 eDiogenianianthologia

245 2461 432 2540 (Hadriani),
465 2458 662 2541 (Ammiani),
699 2462 842 2532 Luciani,
875 2462 995 2547 Lucilii,
1024 2459 1180 2532 Nicarchi,
1218 2460 1333 2532 Rufini,
1372 2481 1540 2540 anonyma

244 2571 287 2632 Xl
303 2590 458 2639 145<1nl151
486 2570 581 2650 (l'lan.
612 2573 783 2650 Ammiani)
808 2591 853 2639 ⁴26.
879 2572 1049 2652 (Weigand
1075 2591 1105 2651 p.
1135 2587 1172 2650 55
1198 2575 1217 2653 ).

351 2680 419 2740 lam
443 2680 515 2741 vide
539 2691 695 2760 quantum
718 2683 851 2743 accedat
876 2684 920 2743 eis
945 2702 1028 2762 quae
1054 2680 1215 2760 Weigand
1240 2679 1280 2738 de
1300 2676 1407 2739 Rufini
1431 2688 1541 2740 aetate

245 2789 401 2850 disseruit.
449 2791 562 2850 lacobs
594 2789 699 2852 Rufini
732 2793 967 2873 epigrammata
1001 2812 1063 2852 non
1094 2791 1229 2850 multum
1261 2792 1302 2850 ab
1335 2789 1379 2848 eis
1411 2787 1539 2850 differre

246 2900 330 2972 dicit,
356 2920 439 2980 quae
463 2903 523 2961 sub
550 2901 722 2962 Iustiniano
747 2901 906 2982 Agathias
930 2902 1045 2962 Paulus
1069 2901 1279 2962 Macedonius
1304 2900 1353 2959 alii
1386 2899 1536 2974 luserint,

246 3009 406 3090 Weigand
431 3030 503 3071 eum
528 3011 670 3072 secundo
694 3011 823 3072 saeculo
849 3011 943 3072 fuisse
974 3021 1075 3092 putat,
1101 3030 1184 3092 quae
1209 3010 1367 3072 sententia
1393 3027 1411 3068 a
1444 3010 1538 3070 nobis

247 3120 436 3198 gravissimo
460 3129 651 3200 argumento
675 3119 808 3184 fulcitur.
825 3123 846 3202 ²)

621 3230 847 3312 Gregorii
878 3232 1169 3292 Nazianzeni

246 3343 383 3423 vestigia
408 3343 485 3403 satis
508 3342 591 3403 levia
614 3351 696 3405 sunt.

770 3429 792 3492 S
806 3441 819 3491 t
832 3451 846 3490 r
858 3451 877 3490 a
890 3440 902 3491 t
915 3451 935 3492 o
949 3451 968 3492 n
982 3432 990 3491 i
1003 3452 1017 3490 s

245 3542 514 3622 epigrammatum
538 3543 603 3602 duo
628 3541 677 3602 vel
693 3542 753 3601 tria
778 3539 927 3621 exprimit
944 3553 1062 3612 noster,
1079 3542 1147 3602 sine
1170 3542 1269 3602 dubio
1293 3561 1333 3601 ex
1357 3541 1424 3601 eius
1449 3539 1536 3602 Musa

245 3652 357 3731 puerili
381 3661 519 3732 sumpta.

354 3763 388 3824 ln
419 3761 540 3823 incerto
573 3763 699 3842 reliquit
730 3761 891 3841 Weigand
922 3763 972 3823 cui
1007 3762 1176 3822 tribuenda
1208 3762 1271 3822 sint
1303 3761 1533 3842 epigrammata

248 3869 431 3933 Germanici
456 3870 611 3945 Caesaris,
635 3871 788 3954 (Tiberii),
814 3855 1027 3951 (Demodoci),
1054 3870 1167 3954 (Galli),
1194 3870 1340 3932 Archiae.

352 3979 543 4043 RestatPal
554 3979 617 4043 lad
628 4001 676 4043 aa.
694 3981 1129 4063 HuncPeiper(Fleckeiseni
1144 3981 1225 4042 Ann.
1248 3977 1359 4062 Suppl.
1370 3981 1422 4043 ΧΙ.
1438 3999 1454 4044 2
1459 3983 1531 4064 37)³)

359 4160 376 4227 ¹)
395 4162 498 4212 Uncinis
517 4162 676 4211 includuntur
694 4163 796 4212 nomina
816 4163 893 4211 dubia
913 4162 951 4210 vel
970 4162 1070 4210 incerta.

354 4251 373 4322 ²)
395 4255 465 4303 Idem
484 4255 560 4304 sensit
579 4253 667 4319 Peiper
685 4256 701 4302 l.
721 4256 737 4306 l.
758 4273 781 4320 p.
805 4267 854 4318 233
874 4263 897 4303 et
918 4264 978 4317 237.

354 4343 373 4414 ³)
401 4347 513 4406 „Finden
532 4348 575 4394 wir
594 4347 644 4396 den
666 4348 782 4397 Palladas
810 4347 847 4396 als
872 4347 975 4395 Vorbild
1006 4346 1054 4394 stir
1083 4347 1157 4394 eine
1189 4347 1335 4395 einzelne
1361 4347 1485 4406 Nnmmer,
1506 4364 1531 4396 so

247 4437 344 4487 werden
364 4439 406 4487 wir
425 4439 508 4494 diesen
529 4439 626 4488 Namen
646 4440 778 4488 ansechten
798 4479 801 4487 .
824 4478 830 4490 .
851 4475 855 4485 .
877 4439 919 4486 wir
939 4443 1047 4487 mlissten
1071 4437 1138 4487 denn
1157 4439 1307 4498 annehmen,
1328 4439 1386 4490 dass
1405 4439 1444 4489 ein
1460 4438 1527 4490 Sllick

247 4531 302 4586 sehr
321 4531 454 4584 annlichen
473 4531 566 4582 inhalts
585 4531 642 4582 dem
661 4531 720 4585 Ans.
741 4532 787 4582 wie
806 4531 863 4585 dem
883 4529 999 4584 pauidas
1019 4531 1166 4600 vorgelegen
1185 4531 1279 4586 habet.
