3296 5224
357 628 438 695 Aus.
462 625 500 692 E.
526 625 570 688 lV
581 665 603 704 91

411 749 542 801 suntet
565 737 852 821 (hendecasyllabi)
878 759 960 819 quos
984 749 1119 820 generat
1143 741 1250 822 puella
1274 741 1409 823 Sappho

412 871 494 930 quos
518 849 640 929 primus
663 848 747 928 regit
770 849 900 931 hippius
923 852 1082 912 secundus

412 971 447 1024 ut
470 960 578 1023 cludat
601 957 815 1020 choriambon
838 959 1057 1021 antibacchus

359 1073 432 1135 Hoc
456 1071 587 1153 quidem
611 1068 840 1150 suppeditabat
863 1071 966 1150 quivis
990 1071 1033 1131 rei
1058 1071 1208 1132 metricae
1240 1072 1385 1152 scriptor.
1419 1069 1547 1132 'Locos

254 1185 342 1264 ipsos
366 1203 430 1244 non
454 1181 568 1252 inveni,
594 1180 654 1241 nisi
678 1178 760 1241 forte
783 1179 854 1260 quis
878 1181 1033 1242 suadente
1057 1188 1160 1242 metro
1620 1157 1621 1174 l

360 1294 439 1356 Aus.
463 1290 508 1353 IV
538 1307 605 1351 11-2

412 1402 508 1463 Mane
532 1401 596 1461 iam
619 1399 739 1460 clarum
763 1408 884 1461 reserat
907 1397 1071 1470 fenestras,

414 1513 476 1576 iam
501 1511 616 1592 strepit
639 1510 751 1571 nidis
783 1508 948 1588 vigilax
972 1509 1168 1572 hirundo.

256 1642 446 1706 comparare
469 1621 536 1683 vult
559 1639 633 1682 cum
656 1619 769 1682 mutilo
793 1617 979 1700 Sapphonis
1004 1618 1038 1680 ir.
1067 1621 1107 1682 88
1132 1621 1267 1702 (Bergk)

419 1732 453 1796 Τι’
476 1753 514 1813 με
537 1729 713 1804 Πανδίονις
737 1721 850 1815 ια’ράνμ
874 1729 913 1811 (Ρ)
935 1729 1074 1810 pelidem*

256 1844 306 1927 (cf.
325 1841 494 1924 Hesychii:
519 1835 640 1922 ὠρανα·
662 1831 842 1920 χελιδόνων
865 1829 993 1924 ὀροφή).

360 1951 470 2016 Unum
494 1951 717 2012 Pindarum
741 1950 851 2012 laudat
875 1960 985 2012 noster
1007 1951 1069 2014 XX
1084 1971 1160 2020 1⁶³-4

415 2062 558 2125 Milesius
580 2079 653 2122 sum
677 2060 804 2133 Thales,
830 2080 949 2141 aquam
973 2062 1027 2148 qni
1050 2062 1229 2143 principem
1337 2139 1338 2144 η

416 2174 512 2236 rebus
536 2172 681 2234 creandis
705 2171 772 2233 dixi
796 2179 831 2232 ut
854 2179 943 2233 vates
967 2171 1122 2233 Pindarus
1141 2186 1143 2194 ·

362 2281 529 2349 Pind.*ol.
551 2283 584 2343 11

406 2386 551 2477 Ἄριστον
574 2392 633 2476 μὲν
656 2381 756 2474 ὕδωρ.

365 2505 431 2567 Sed
465 2504 527 2566 hoc
562 2504 684 2565 dictum
719 2502 802 2566 adeo
834 2503 864 2564 in
894 2503 1103 2584 proverbium
1133 2504 1221 2575 abiit,
1256 2512 1290 2565 ut
1314 2503 1356 2564 nil
1380 2504 1457 2566 certi
1484 2503 1549 2564 hoc

258 2617 330 2679 loco
355 2613 525 2693 efficiatum
571 2614 703 2696 gravius
734 2613 860 2674 videtur
889 2612 978 2693 quod
1009 2614 1104 2676 etiam
1136 2614 1168 2676 in
1203 2612 1332 2676 scholiis
1362 2614 1403 2675 ad
1426 2611 1474 2675 Ol.
1507 2631 1543 2674 ιι
1620 2623 1621 2698 l

258 2725 400 2788 Thaletis
434 2725 554 2786 dictum
589 2743 663 2785 cum
697 2721 760 2784 hoc
794 2723 1017 2803 coniungitur:
1061 2714 1142 2808 ἁρχὴ
1167 2721 1229 2807 γὰρ
1252 2725 1323 2788 τῶν
1346 2712 1437 2787 ὅλων
1459 2720 1548 2786 κατὰ

261 2839 374 2919 Θαλῆν
397 2829 436 2899 τὸ
459 2824 559 2918 ddmp.
1620 2867 1621 2924 3

365 2945 424 3008 Cui
447 2953 640 3026 argumento
664 2943 689 3005 si
714 2944 784 3023 quis
807 2943 904 3006 fidem
929 2945 1056 3018 habeat,
1081 2945 1178 3008 etiam
1620 2929 1621 3004 l

364 3057 444 3118 nus.
470 3054 658 3132 ><><V119⁴
1620 3025 1621 3116 l

419 3167 583 3247 periurum
606 3163 780 3244 Lapitham
805 3165 938 3228 Iunonia
961 3164 1103 3228 ludificat
1125 3167 1208 3228 nubs

259 3297 408 3340 revocare
428 3277 522 3338 liceat
538 3276 578 3336 ad
601 3274 689 3336 Pind.
713 3274 803 3356 Pyth.
828 3275 864 3349 ll,
891 3293 930 3355 33
956 3297 1026 3358 sqq.

418 3386 555 3448 Accedit
578 3386 666 3466 quod
691 3387 721 3446 in
746 3386 880 3466 epistola
903 3387 980 3450 XlV
1010 3386 1108 3448 Paulo
1141 3385 1311 3468 pollicetur
1344 3387 1544 3448 inventurum

259 3517 333 3559 eum
358 3497 445 3578 apud
467 3517 501 3557 se
527 3505 559 3557 et
582 3496 661 3558 alios
684 3495 783 3557 libros
806 3505 839 3557 et
1620 3499 1621 3560 l

417 3603 557 3691 ῥυθμῶν
578 3606 790 3688 Πινδαρικῶν
812 3602 949 3688 ἔννομον
971 3596 1114 3692 ariamini),
1620 3593 1621 3660 l

259 3737 341 3798 quae
365 3718 464 3779 verba
487 3717 542 3778 vix
565 3715 723 3778 habemus
747 3716 837 3797 quod
873 3735 993 3779 meram
1030 3717 1256 3798 gloriationem
1289 3727 1440 3798 putemus
1464 3737 1540 3778 esse.

365 3829 478 3910 ltaque
503 3849 520 3890 e
544 3836 615 3890 toto
640 3846 774 3888 numero
799 3846 898 3888 unum
921 3827 1093 3890 Pindarum
1118 3829 1149 3890 in
1166 3830 1315 3892 manibus
1333 3829 1432 3890 nostri
1450 3827 1543 3890 luisse

259 3957 332 4001 cum
357 3939 462 4020 aliqua
500 3940 564 3999 veri
604 3938 712 4021 specie
749 3957 890 4000 asserere
923 3957 1106 4021 possumu3‚
1146 3939 1188 4001 de
1224 3940 1338 4001 ceteris
1369 3959 1434 4000 non
1459 3939 1540 4001 item.

364 4049 1538 4130 PoetarumgnomicorumunuslocuslegiturPythagorae,

259 4161 349 4242 quod
375 4161 487 4234 serunt,
514 4159 714 4221 carminis
737 4160 855 4222 aurei
879 4181 928 4222 vv.
954 4176 1099 4239 40-43:

417 4260 505 4355 Mad
520 4258 624 4334 ὕπνον
645 4273 837 4352 μαλακοῖσιν
859 4262 911 4335 ἐν)
934 4264 1050 4354 ὄμμασι
1073 4270 1320 4354 montgomeri,

417 4381 502 4464 Πρὶν
533 4383 603 4444 τῶν
626 4369 790 4466 ἦμερινῶν
814 4379 920 4464 ἔργων
944 4383 1015 4464 τρὶς
1039 4377 1177 4446 ἕκαστον
1200 4379 1353 4446 ἐπελθεῖν

417 4493 470 4574 Πῇ
492 4491 653 4575 trapsilam
684 4492 716 4554 ri
740 4488 877 4575 d’ipagm
912 4493 944 4556 τί
966 4514 1019 4573 μαι
1043 4491 1116 4555 δέον
1139 4482 1200 4554 οὐκ
1224 4489 1399 4578 ἐτελέσθη;
