3296 5224
427 653 483 712 182
508 637 583 715 οὐδὲ
606 639 716 734 πατὴρ
739 650 907 714 παίδισσιν
930 638 1049 733 ὁμοίιος
1072 639 1149 713 οιῖόί
1168 673 1200 712 τι
1224 643 1337 726 παῖδας

427 765 487 838 184
509 759 584 824 ουδὲ
605 761 799 846 κασίγνητος
824 763 919 841 φίλοι·
942 758 1066 825 ίσσειαι
1090 750 1137 835 ὡς
1159 760 1199 824 τί
1222 761 1326 844 πιίρος
1350 784 1420 844 περ.

279 941 282 952 Ι
370 871 476 934 Minus
500 880 605 935 certus
630 870 709 932 alter
732 870 821 932 Iocus
845 873 923 933 Ausa
949 872 1024 934 XIII
1049 889 1101 940 271

475 1002 553 1044 mox
575 1001 694 1063 pueros
719 1019 759 1026 -

475 1091 591 1174 pellexi
617 1099 652 1154 ut
674 1091 768 1152 mites
790 1100 939 1172 peterent
961 1113 1019 1172 per
1042 1093 1160 1154 acerba
1184 1091 1359 1173 profectus.

370 1201 433 1280 Op.
457 1210 490 1280 et
514 1203 555 1266 di.
583 1217 646 1279 290
669 1221 758 1288 seqq.
1396 1197 1401 1205 “

478 1349 518 1358 -
541 1310 666 1393 μακρὸς
688 1310 721 1374 δὲ
744 1313 798 1374 καὶ
821 1304 935 1394 ὄρθιος
958 1307 1048 1393 οἶμος
1072 1310 1104 1383 ἐς
1127 1301 1234 1396 αὐτὴν

423 1422 478 1484 καὶ
501 1414 621 1508 τρηχὺς
643 1423 826 1503 τοπροίτον.
851 1414 935 1506 ἐπὴν
958 1413 986 1486 δ’
1009 1421 1054 1498 είς
1078 1414 1180 1506 ἄκρον
1203 1416 1319 1504 ἵκηται,

423 1527 530 1616 ῥηϊδίη
554 1523 595 1615 δὴ
620 1527 732 1596 ’ἔπειτα
754 1530 854 1603 πέλει,
877 1528 1004 1616 χαλεπή
1027 1555 1088 1616 περ
1104 1529 1217 1628 Δἐοῦσα.

369 1640 583 1722 Theogoniae
605 1641 722 1702 indicia
746 1651 900 1703 nontam
923 1652 1036 1722 aperta
1053 1652 1134 1706 sunt.
1161 1641 1330 1703 Consentit
1346 1660 1422 1701 sane
1445 1650 1569 1702 noster

265 1771 338 1812 eum
354 1750 489 1812 Hesiodi
515 1751 693 1830 theogonia
717 1751 825 1814 muItIS
841 1753 945 1826 rebuS,
964 1762 1075 1815 tamen
1091 1752 1144 1814 hic
1160 1771 1291 1832 quoque
1308 1749 1403 1812 valde
1421 1749 1566 1812 dubium

267 1871 376 1923 utrum
402 1882 443 1923 ex
466 1861 537 1942 ipso
562 1861 779 1942 desumpserit
799 1883 840 1924 an
865 1884 907 1924 ex
929 1863 1062 1944 Hygino
1085 1862 1321 1924 aliisve'earum
1338 1881 1441 1922 rerum
1460 1859 1565 1941 scrip-

264 1972 388 2033 toribus
409 1970 522 2034 latinis¹
571 1971 697 2032 Tamen
720 1972 882 2052 quaedam
906 1993 971 2035 non
994 1975 1086 2054 piget
1109 1991 1239 2051 ponere.

371 2081 449 2142 Ans,
474 2081 583 2144 XXVI
609 2098 646 2150 27
1193 2156 1197 2162 .

371 2191 428 2252 tris
452 2190 526 2272 Ope
548 2191 712 2270 progeniti
736 2191 859 2265 fratres
885 2195 942 2254 tris
966 2194 1078 2255 ordine
1101 2202 1213 2275 partae

371 2302 474 2365 Vesta
496 2300 595 2363 Ceres
619 2310 651 2363 et
672 2302 755 2382 Juno
781 2340 817 2349 -
845 2323 973 2366 sorores

266 2410 303 2473 ci.
330 2411 407 2473 Hes.
432 2411 560 2492 Theog.
586 2424 650 2491 454
674 2431 763 2493 seqq.

371 2520 451 2583 Aus.
477 2522 599 2586 XXVII
623 2539 662 2601 9³

372 2651 437 2710 quo
462 2641 616 2711 generata
638 2632 749 2694 Venus
775 2632 925 2695 Saturnia
950 2635 1095 2697 desecuit
1118 2633 1191 2695 IaIx.

372 2741 452 2804 Aus.
479 2762 504 2803 e.
530 2756 580 2818 34,

373 2849 453 2914 Orta
475 2852 553 2924 saIO,
578 2862 730 2933 suscepta
754 2854 831 2924 salo
857 2864 948 2936 patre
972 2856 1057 2916 edita
1079 2853 1177 2917 Caelo

267 2961 307 3027 cI.
331 2962 407 3025 Hes,
434 2962 494 3029 Th.
520 2995 632 3032 175-200.

374 3073 454 3138 AUS.
479 3074 515 3136 Ε.
542 3075 602 3136 XII
613 3107 636 3142 ¹3

428 3177 648 3269 Μνημοσύνης
671 3184 934 3269 κρηδεμνοκόμον
956 3188 1169 3249 ammantica
1193 3185 1301 3250 τέκνα.

426 3293 463 3358 Ε.
489 3293 535 3357 IV
545 3318 570 3367 ⁶4

374 3395 604 3484 Mnemosyncs
629 3414 720 3467 natas

427 3513 534 3577 XXVI
545 3545 570 3581 ³0

374 3631 406 3683 et
428 3622 515 3703 lyrici
541 3633 633 3686 vates
657 3645 791 3688 numero
815 3636 890 3689 sunt
914 3627 1201 3708 Mnemosynarum

269 3729 307 3792 cs.
334 3732 410 3793 Hes.
435 3732 495 3794 Th.
524 3747 560 3812 53
588 3744 621 3796 et
644 3749 724 3814 9153
759 3737 817 3798 sed
841 3737 892 3798 hic
916 3736 1004 3798 Iocus
1030 3738 1105 3798 satis
1130 3739 1320 3803 communis.

268 3842 381 3905 Restat
398 3843 578 3905 ,Hesiodion
603 3844 643 3906 de
667 3855 773 3908 aetate
792 3848 1011 3919 animantium,
1029 3847 1103 3909 Hes
1121 3844 1234 3929 fragm.
1257 3849 1313 3927 163
1328 3846 1451 3929 (Gottl.)

481 3943 590 4018 Ἐννέα
611 3979 662 4020 τοι
686 3949 760 4038 ζώει
784 3955 895 4042 γενεὰς
919 3957 1081 4041 λακέρυζα
1105 3951 1237 4042 κοραίνη

428 4061 561 4147 ἀνδρῶν
582 4059 773 4150 γηρώντων.
800 4065 920 4149 ’ἔλαφος
943 4068 978 4132 δέ
1001 4091 1036 4132 τε
1059 4065 1314 4152 τετρακόρωνος.

428 4187 514 4258 τρεῖς
536 4166 707 4258 δ’ἒίοίφους
731 4173 749 4240 ὁ
771 4177 872 4262 κόραξ
895 4177 1101 4264 γηράσκεται.
1129 4170 1234 4262 αὖταρ
1256 4173 1274 4241 ὁ
1297 4179 1406 4259 φοίνιξ

430 4283 523 4350 ἐννέα
546 4285 622 4361 τοὺς
646 4286 796 4370 κόρακας.
823 4288 900 4354 δέκα
924 4279 954 4352 d'
954 4282 1044 4374 ἡμεῖς
1066 4281 1144 4364 τούς
1168 4289 1327 4369 φοίνικας,

429 4392 554 4477 νύμφαι
577 4394 784 4480 ἐϋπλόκαμοι,
809 4403 923 4483 κοῦραι
950 4399 1025 4475 Διὸς
1049 4396 1211 4481 αἰγιόχοιο.

378 4505 451 4566 Hoc
482 4507 646 4568 Ausonius
684 4508 863 4570 XXXII2-8
888 4531 991 4591 paene
1025 4510 1065 4570 ad
1101 4511 1236 4572 verbum
1267 4511 1433 4588 expressit.
1475 4509 1550 4573 ultro
