3296 5224
195 1669 267 1773 De
291 1704 487 1767 Ausonianis
510 1703 624 1765 studiis
648 1698 821 1784 poetarum
845 1701 1046 1766 Graecorum
1077 1703 1237 1788 scripturo
1272 1723 1377 1786 pauca

76 1814 159 1876 mihi
181 1813 422 1896 praemonenda
457 1811 615 1884 videntur,
653 1812 769 1890 quibus
806 1830 979 1893 exponam,
1016 1811 1118 1893 qualis
1152 1813 1184 1873 in
1214 1833 1255 1876 eo
1280 1813 1376 1877 luerit

76 1925 210 2003 linguae
233 1923 377 1987 Graecae
401 1922 524 1986 notitia.
573 1920 686 2002 Atque
717 1922 779 1986 hoc
803 1922 934 2004 quidem
965 1942 1030 1984 non
1060 1922 1160 1985 modo
1192 1923 1377 2004 evestigiis

77 2033 213 2095 Graecis
237 2033 377 2096 sermoni
404 2033 471 2093 eius
494 2032 657 2112 impressis
682 2033 862 2114 apparebit,
888 2032 945 2094 sed
970 2032 1067 2094 etiam
1091 2034 1190 2095 exeis
1206 2054 1289 2115 quae
1305 2034 1375 2113 ipse

77 2144 251 2206 nobiscum
275 2143 494 2205 communicat
518 2142 559 2204 de
594 2142 775 2205 eruditione
811 2150 908 2221 atque
943 2142 1057 2203 studiis
1091 2143 1165 2214 suiS,
1199 2163 1281 2222 quae
1313 2163 1377 2206 uno

76 2255 199 2316 obtutu
225 2253 437 2333 contemplari
463 2273 504 2313 ex
528 2271 586 2314 usu
612 2249 680 2314 lore
704 2272 809 2334 spero,

190 2365 245 2427 liis
269 2366 365 2447 igitur
387 2364 477 2425 nasci
500 2362 647 2424 videmus
671 2372 817 2425 nostrum
840 2362 1001 2441 auspiciis,
1021 2363 1138 2444 quibus
1161 2363 1216 2424 vix
1233 2364 1376 2428 invenias

76 2475 196 2537 studiis
222 2474 353 2537 Graecis
377 2474 540 2536 faustiora:
577 2482 703 2554 patrem
726 2471 848 2535 scilicet
865 2473 980 2534 lulium
997 2469 1119 2534 Graece
1137 2473 1223 2554 loqui
1240 2473 1373 2537 solitum

76 2605 151 2646 esse
174 2586 251 2648 dicit
273 2585 317 2648 XI
341 2602 440 2655 29-10

239 2716 389 2757 sermone
413 2697 632 2777 impromptus
656 2693 760 2766 Latio,
786 2713 898 2754 verum
922 2694 1034 2756 Attica
1057 2694 1165 2773 lingua

454 2805 579 2869 suffecit
602 2805 678 2868 culti
703 2804 836 2866 vocibus
860 2803 987 2884 eloquii.

186 2916 252 2979 Sed
287 2917 458 2998 quominus
493 2915 542 2979 his
579 2915 728 2997 auspiciis
763 2914 974 2996 responderet
1012 2922 1156 2986 eventus,
1198 2913 1368 2994 impedivit

80 3027 217 3105 quoda
248 3028 352 3109 prima
378 3025 509 3088 infantia
532 3027 668 3088 traditus
700 3035 748 3087 est
772 3025 913 3086 Arborio
937 3023 1107 3089 avunculo
1156 3024 1227 3096 Hic,
1256 3023 1375 3098 „frater

76 3137 271 3217 genetricis“
296 3136 371 3220 (XV
397 3150 411 3216 5
431 3139 462 3217 7)
487 3145 556 3199 erat
580 3135 689 3198 rhetor
711 3135 844 3198 Latinus
869 3135 945 3216 (XV
971 3136 1096 3219 5¹3-14l·

239 3246 385 3328 (Tolosa)
408 3247 528 3308 ornasti
551 3247 641 3308 cuius
665 3246 760 3308 Latio
784 3265 932 3307 sermone
955 3244 1105 3309 tribunal.

187 3354 295 3417 Senex
318 3377 392 3418 eum
409 3357 574 3419 Ausonius
599 3357 744 3418 versibus
768 3355 909 3418 celebrat
930 3355 1109 3417 reverentia
1131 3362 1228 3435 atque
1252 3354 1374 3433 pietate

78 3466 332 3528 redundantibus
357 3466 432 3549 (XV
458 3469 498 3550 5),
557 3465 690 3547 Quanto
715 3465 901 3548 putabimus
934 3485 1069 3546 puerum
1094 3484 1204 3526 amore
1237 3465 1266 3526 in
1301 3484 1374 3526 eum

78 3575 176 3638 luisse
201 3596 383 3650 accensum,

239 3687 292 3767 qui
316 3707 351 3749 se
376 3687 552 3750 lactantem
575 3706 711 3769 puerum
737 3687 953 3766 iuvenemque
976 3685 1144 3766 virumque

238 3797 361 3858 artibus
385 3807 523 3871 ornaret,
549 3817 630 3877 quas
654 3797 805 3860 didicisse
828 3797 916 3858 iuvat

79 3905 156 3989 (1.1.
183 3908 277 3990 9-ιο).

184 4016 252 4078 Nec
277 4017 376 4079 modo
393 4017 504 4080 litteris
528 4015 578 4080 ille
601 4017 841 4078 adulescentem
865 4015 991 4076 videtur
1014 4015 1176 4088 imbuisse,
1197 4013 1254 4074 sed
1278 4013 1376 4074 etiam

77 4127 190 4210 primis
234 4128 302 4189 eius
344 4129 498 4207 poetandi
546 4128 770 4191 conaminibus
815 4126 882 4187 dux
928 4133 1026 4204 atque
1071 4133 1176 4186 rector
1218 4123 1372 4193 extitisse,

77 4239 119 4306 cf·
145 4238 208 4302 XV
234 4252 286 4317 524

238 4348 319 4412 haec
343 4350 400 4412 tibi
425 4349 466 4411 de
490 4349 589 4410 Musis
612 4348 753 4410 carmina
777 4346 843 4408 libo
869 4347 940 4408 tuis

184 4458 297 4541 Itaque
322 4459 416 4521 huius
441 4460 633 4522 auctoritate
658 4459 786 4520 videtur·
810 4457 929 4518 lactum
956 4475 1027 4516 esse
1053 4462 1086 4514 ut
1103 4452 1268 4516 Ausonius
1294 4471 1374 4532 puer

78 4569 177 4630 muno
193 4571 296 4630 acrius
321 4571 521 4632 incumberet
544 4571 573 4631 in
592 4571 719 4650 linguae
737 4567 925 4628 vernaculae
949 4565 1089 4627 studium
1109 4582 1207 4643 quarn
1221 4559 1373 4623 Graecae.

1131 4693 1143 4741 l
