3296 5224
646 481 856 587 -u-

209 699 271 771 Au.
302 698 349 784 56,

260 815 405 877 autumni
430 815 531 877 reditu
557 835 613 876 cur
634 815 695 875 sub
720 815 865 892 gelido
892 803 1160 895 capricorno,

84 928 275 990 clausulam
295 927 536 1005 capricorn·
550 923 671 986 habent
686 945 736 988 vv.
754 925 828 1000 649,
848 925 921 1002 652,
937 925 1010 997 662,
1031 939 1102 1004 707,
1123 927 1195 1002 823,
1209 938 1284 1004 979,
1304 940 1394 1004 1031,

8 1065 22 1109 t
93 1041 196 1114 1048,
227 1053 319 1114 1244,
350 1049 440 1114 1252.

208 1167 269 1229 Av.
300 1170 378 1244 1283

260 1277 336 1340 Phr
345 1278 440 1358 yxei
464 1287 638 1358 postquam
663 1277 791 1358 pecoris
815 1276 1000 1357 proruperit
1025 1265 1132 1339 ortus(

207 1387 269 1451 Αν.
300 1401 357 1466 515

258 1497 400 1559 marcida
425 1497 624 1577 Lanigeri
652 1507 777 1560 tantum
802 1517 838 1558 se
862 1497 967 1559 forma
990 1498 1050 1558 sub
1077 1517 1179 1559 auras.

204 1628 316 1709 Atque
338 1627 418 1690 haec
442 1629 574 1709 quidem
597 1638 704 1691 utrum
729 1649 769 1690 ex
792 1627 854 1689 hoc
877 1649 917 1688 an
941 1649 981 1689 ex
1005 1627 1059 1690 illo
1086 1637 1195 1688 noster
1219 1629 1394 1705 sumpserit

85 1738 241 1810 dubium,
277 1738 366 1817 plura
397 1748 505 1800 autem
540 1740 753 1812 invenIuntur,
778 1739 935 1817 equibus
961 1737 1085 1800 eluceat
1109 1739 1207 1800 etiam
1233 1738 1393 1800 Avieni

86 1850 263 1912 Aratea
283 1849 482 1928 -aequalis
507 1850 747 1931 propemodum
770 1889 809 1896 —
832 1859 945 1911 nostro
969 1849 1065 1912 fuisse
1088 1850 1220 1928 cognita
1244 1857 1276 1909 et
1297 1847 1389 1909 lecta.

203 1981 264 2042 Pro
289 1981 492 2042 documentis
515 1991 589 2043 sunt
613 1982 673 2042 Ioci
699 1981 764 2043 sere
787 1981 837 2047 hi:

204 2113 284 2174 Aus.
309 2112 355 2175 IV
381 2129 425 2190 31

257 2223 346 2301 ipse
371 2221 517 2301 opifex
540 2229 691 2292 rerum.
717 2225 812 2286 rebus
834 2243 930 2284 causa
955 2222 1024 2303 ipse
1048 2220 1194 2282 creandis

203 2331 264 2393 Av.
294 2335 333 2395 28

256 2443 373 2505 sufficit
397 2441 520 2503 alterno
545 2462 593 2502 res
616 2443 740 2504 semine
764 2462 900 2503 rerum
925 2442 1066 2524 opifex
1090 2442 1150 2503 hic.

203 2551 283 2614 Aus,
308 2553 339 2615 V
365 2568 424 2633 71⁶

256 2663 318 2724 hoe
344 2683 478 2725 numero
503 2663 545 2724 ad
570 2662 701 2743 plenum
726 2672 855 2724 vertens
879 2663 1155 2742 reparabitur
1183 2682 1312 2722 annus

204 2773 266 2837 Αν.
297 2787 387 2852 1052.
1058 2753 1060 2757 ’

256 2884 407 2945 omnibus
429 2883 569 2945 absolvit
590 2893 675 2944 totas
699 2882 949 2964 reparabilis
973 2902 1082 2943 annu
1098 2903 1122 2948 s,

204 2994 283 3056 Aus.
309 2995 355 3055 IV
378 3001 436 3071 '312

1006 3104 1111 3165 editus
1134 3112 1210 3164 ante

257 3234 355 3295 quam
379 3215 471 3276 iubar
494 3224 526 3276 et
550 3214 700 3274 rutilus
736 3214 860 3276 caelum
897 3213 1066 3274 illustraret
1097 3213 1209 3274 Eous

202 3323 266 3385 Αν.
296 3326 356 3385 166

256 3453 319 3512 qua
342 3443 435 3514 pater
459 3432 610 3495 Oceanus
635 3433 756 3493 rutili
782 3442 948 3511 reparator
973 3433 1045 3493 Eoi

202 3544 265 3604 nv.
293 3560 334 3620 34

254 3654 365 3714 tendat
390 3662 424 3713 ut
448 3652 542 3714 Infusi
568 3653 739 3715 rutilum
764 3654 886 3714 iubar
909 3652 1011 3715 altera
1034 3653 1136 3714 noctis

95 3763 135 3824 cf.
161 3762 258 3824 etlam
282 3761 362 3827 nus.
388 3762 494 3824 XVIII
510 3784 533 3821 16

254 3871 310 3932 sed
332 3873 488 3953 liquidum
513 3873 637 3933 iubar
661 3883 693 3934 et
717 3874 890 3935 rutiIam
913 3873 1090 3934 visentibus
1114 3871 1269 3935 aethram.

201 4005 280 4067 Aus,
307 4004 415 4066 XXVI
440 4021 484 4078 29

253 4115 328 4176 inde
351 4115 538 4176 trisulca
561 4114 645 4176 Iovis
671 4124 743 4176 sunt
767 4115 960 4188 fulmina,
986 4115 1146 4177 Cerberus
1170 4113 1245 4174 inde

200 4225 260 4286 Av.
287 4241 351 4285 220

253 4355 396 4415 moxque
420 4335 599 4398 trisulca
623 4336 699 4417 polo
724 4336 881 4398 iaculatus
906 4335 1082 4398 fulmina
1107 4332 1202 4395 celso.

199 4445 278 4508 nus.
307 4447 341 4508 E.
369 4447 414 4510 IV
427 4479 452 4516 ⁴9

252 4556 354 4637 qualis
378 4555 601 4618 floricoma
624 4557 789 4637 quondam
814 4556 989 4637 populator
1012 4556 1043 4616 in
1068 4555 1176 4616 Aetna
1290 4621 1292 4628 ‚

1138 4674 1170 4732 2*
