3296 5224
725 472 761 540 15

642 566 852 576 ..ψη-...ι

95 689 217 756 adiecit
240 711 287 755 vu.
302 707 409 772 9--17
427 695 460 772 ¹).
487 685 612 752 Graeca
635 691 786 772 leguntur
805 691 894 770 apud
917 689 1123 753 Plutarchum
1140 692 1181 753 de
1197 709 1241 752 or.
1264 681 1326 752 del.
1343 707 1390 763 11,
1440 712 1450 736 ·

97 828 140 868 ex
165 827 231 887 quo
255 807 281 866 si
304 805 374 886 quis
398 812 541 864 nostrum
566 801 683 863 utalia
704 804 745 883 (v.
767 802 828 863 ind.
848 802 898 863 ed.
918 800 1083 881 Schenkl.)
1100 802 1143 864 ita
1160 801 1241 872 haec
1260 821 1391 883 quoque

96 917 246 979 hausisse
269 915 354 986 velit,
380 913 421 976 nil
445 912 695 983 contradicam,
722 911 780 971 nisi
805 911 894 993 quod
918 913 1004 994 apud
1042 911 1128 972 illum
1158 913 1263 985 „iusta
1285 931 1390 973 senes·

95 1036 230 1089 centum
254 1027 318 1088 vita
340 1025 503 1085 virorum“
528 1031 577 1083 est
600 1040 759 1082 annorum
782 1031 911 1082 eentum
939 1030 971 1082 et
1004 1030 1090 1093 oct0‚
1126 1022 1214 1100 apud
1246 1031 1392 1084 nostrum

97 1136 279 1216 nonaginta
302 1154 368 1196 sex.

206 1244 354 1306 Indidem
379 1243 502 1324 pendet
525 1241 605 1306 Aus,
629 1241 737 1302 XXVI
764 1258 879 1310 212-17.

207 1352 492 1434 Panyassidis
515 1350 622 1413 locum
650 1351 826 1413 admodum
857 1352 1040 1414 dubitanter
1063 1352 1202 1434 proler0,
1235 1371 1300 1414 non
1323 1372 1390 1432 quo

97 1483 219 1544 negem
242 1463 424 1526 Ausonium
448 1483 520 1524 eum
546 1462 673 1523 novisse
697 1481 793 1544 posse
809 1465 842 1545 2),
866 1463 923 1524 sed
948 1463 1038 1543 quod
1062 1462 1216 1525 lectiones
1242 1462 1392 1524 codicum

96 1574 364 1637 Ausonianorum
390 1574 578 1652 gravissime
602 1572 759 1645 laborant,
790 1581 888 1651 atque
919 1573 1025 1635 adhuc
1057 1574 1139 1634 inter
1166 1573 1252 1634 viros
1277 1574 1392 1633 doctos

96 1687 141 1748 de
165 1693 257 1746 textu
283 1684 481 1747 restituendo
505 1684 712 1762 disceptatur.
760 1683 910 1764 Namque
933 1685 959 1745 si
992 1703 1066 1746 curn
1090 1681 1284 1745 Schenkelio
1316 1683 1390 1762 legi·

96 1815 172 1858 mus
198 1795 269 1856 Aus
303 1795 339 1856 E.
365 1794 459 1860 Xllaa

181 1898 268 1968 ’σὺν
291 1903 393 1986 φιάλῃ
415 1905 565 1985 vinoque,
590 1903 693 1968 ireoiv
716 1903 896 1968 σονοιιάονι
919 1906 1053 1986 μουσῶν

96 2035 166 2076 non
190 2014 272 2077 male
297 2016 447 2077 convenit
471 2034 543 2077 curn
567 2015 778 2096 Panyassidis
801 2014 835 2077 fr.
863 2031 899 2076 12
926 2013 1071 2096 (Kinkel)
1093 2034 1122 2074 v.
1153 2029 1277 2091 12-13

259 2120 346 2200 οἶνος
368 2121 430 2208 γὰρ
453 2125 532 2208 πυρὶ
556 2118 627 2188 ἶσον
649 2124 886 2207 ἐπιχθονίοισιν
908 2116 1020 2204 ὄνειαρ

259 2228 369 2310 ἐσλὸνΙ
383 2225 577 2318 ἀλεξίκακον
599 2233 707 2318 πάσης
732 2226 919 2318 συνοπηδὸν
940 2224 1060 2318 αόιδῆς,

96 2366 298 2427 quamquam
328 2346 418 2407 locus
452 2347 531 2407 satis
564 2345 690 2407 videtur
720 2345 917 2418 communis;
956 2352 1069 2406 contra
1093 2346 1216 2406 sicum
1241 2343 1393 2406 Wilamo-

95 2457 204 2517 witzio
239 2456 360 2538 (Herm.
394 2472 431 2534 19
454 2475 485 2534 p.
516 2455 596 2536 461)

261 2557 321 2627 σὺν
353 2566 441 2647 φίλῳ
472 2584 705 2645 aequaevoque
730 2570 813 2628 τεῶν
836 2562 1015 2628 συνοπάονι
1039 2571 1171 2646 μουσῶν

99 2675 208 2736 omnis
231 2675 393 2769 evanescit
416 2674 599 2736 similitudo

536 2911 959 2918 ————-—-—.—.—.

209 3084 312 3145 Venio
335 3086 375 3145 ad
400 3094 554 3163 poetas
577 3086 920 3160 Alexandrinos,
946 3088 1098 3168 equibus
1117 3106 1313 3168 quamquam
1338 3107 1391 3148 no-

100 3195 202 3255 minat
226 3194 354 3267 nullum,
380 3205 488 3256 tamen
512 3206 587 3258 sunt
610 3199 661 3276 qui
688 3198 836 3259 Ausonio
860 3199 999 3278 vestigia
1023 3179 1249 3279 impresserint.
1275 3197 1388 3259 Liceat

100 3304 200 3365 etiam
223 3324 344 3385 ponere
368 3305 445 3370 Aus.
469 3307 505 3368 E.
532 3306 643 3378 XlV29

315 3414 497 3480 σοοταδικόν
519 3439 555 3480 τε
577 3416 735 3494 κίναιδον,
760 3414 895 3480 ἰωνικὸν
919 3415 1158 3500 ἀμφοτέρωθεν

100 3543 198 3605 quem
221 3544 348 3586 versum
383 3526 424 3587 de
460 3527 551 3607 poesi
587 3528 655 3588 eius
694 3528 823 3609 generis
853 3528 1075 3590 Alexandrina
1099 3526 1283 3607 intellegere
1306 3526 1393 3589 haud

100 3635 260 3696 absonum
284 3644 342 3696 est.
390 3634 575 3699 Callimachi
604 3636 645 3698 nil
675 3637 792 3710 inveni,
816 3637 914 3700 credo
937 3638 1012 3718 quia
1034 3647 1100 3699 tam
1125 3657 1229 3716 pauca
1251 3646 1391 3700 aetatem

101 3744 251 3816 tulerunt,
277 3764 381 3825 neque
404 3766 516 3808 eorum
541 3749 673 3828 quidem
697 3768 780 3830 quos
804 3747 954 3810 Meineke
976 3749 1007 3808 in
1031 3747 1121 3809 anall.
1163 3746 1392 3809 Alexandrinis

101 3854 239 3935 collegit,
256 3855 353 3918 ullum
379 3856 531 3918 indicium
557 3860 692 3939 repperi.
719 3833 799 3920 ltem
816 3857 967 3920 Nicandri
984 3866 1017 3919 et
1034 3857 1260 3938 Lycophronis
1292 3877 1393 3939 opera

102 3965 217 4028 srustra
238 3974 458 4047 perscrutatus
482 3986 562 4040 sum,
587 3968 676 4048 quod
701 3968 731 4028 in
756 3977 844 4029 tanta
868 3967 1020 4030 materiae
1044 3967 1280 4049 longinquitate
1303 3967 1391 4029 haud

102 4095 231 4140 mirum.

214 4312 230 4383 ¹)
269 4315 300 4367 cl.
323 4315 398 4366 Cens.
419 4318 451 4366 de
471 4317 511 4367 die
530 4327 580 4368 nat.
600 4318 687 4366 XVlll
697 4333 734 4374 11:
753 4325 791 4367 est
809 4323 935 4382 praeterea
953 4333 1041 4377 annus,
1063 4333 1137 4381 quem
1152 4316 1295 4366 Aristoteles
1314 4317 1392 4367 mexi-

104 4422 171 4456 mum
191 4408 272 4472 potius
291 4425 365 4473 quarn
385 4426 506 4474 magnum
526 4411 645 4476 appellat,
657 4426 730 4474 quem
744 4410 803 4458 solis
817 4417 841 4458 et
860 4410 933 4458 lunae
951 4425 1120 4473 vagarumque
1136 4409 1299 4458 Vstellarum
1318 4411 1392 4458 orbes

103 4497 244 4560 conficiunt,
265 4517 321 4550 cum
342 4503 373 4550 ad
393 4501 468 4564 idem,
488 4505 530 4552 ubi
550 4503 676 4568 qnondam
697 4501 770 4551 simul
791 4503 896 4563 luerunt,
917 4519 966 4551 una
985 4502 1128 4553 referuntur.

212 4587 230 4659 ²)
253 4595 359 4642 Avienus
373 4595 475 4643 Ausonii
495 4603 580 4644 auctor
595 4591 626 4673 (v.
642 4592 668 4662 i.)
683 4612 711 4644 ac
725 4609 804 4658 paene
817 4595 928 4658 aequalis
940 4595 1117 4658 Panyassidem
1132 4595 1170 4642 bis
1183 4603 1248 4642 terve
1262 4595 1382 4658 exprimit.
